%YAML 1.1
%TAG !u! tag:unity3d.com,2011:
--- !u!1 &902855754749991297
GameObject:
  m_ObjectHideFlags: 0
  m_CorrespondingSourceObject: {fileID: 0}
  m_PrefabInstance: {fileID: 0}
  m_PrefabAsset: {fileID: 0}
  serializedVersion: 6
  m_Component:
  - component: {fileID: 5918162629818089640}
  m_Layer: 8
  m_Name: GiftPreviewTransform
  m_TagString: Untagged
  m_Icon: {fileID: 0}
  m_NavMeshLayer: 0
  m_StaticEditorFlags: 0
  m_IsActive: 1
--- !u!4 &5918162629818089640
Transform:
  m_ObjectHideFlags: 0
  m_CorrespondingSourceObject: {fileID: 0}
  m_PrefabInstance: {fileID: 0}
  m_PrefabAsset: {fileID: 0}
  m_GameObject: {fileID: 902855754749991297}
  m_LocalRotation: {x: -0.27212375, y: 0.22257666, z: 0.06485411, w: 0.93391764}
  m_LocalPosition: {x: 0, y: 0.1, z: 0}
  m_LocalScale: {x: 0.12, y: 0.12, z: 0.12}
  m_Children: []
  m_Father: {fileID: 3090339347963869496}
  m_RootOrder: 2
  m_LocalEulerAnglesHint: {x: -32.49, y: 26.81, z: 0}
--- !u!1 &3090339346631243191
GameObject:
  m_ObjectHideFlags: 0
  m_CorrespondingSourceObject: {fileID: 0}
  m_PrefabInstance: {fileID: 0}
  m_PrefabAsset: {fileID: 0}
  serializedVersion: 6
  m_Component:
  - component: {fileID: 3090339346631243190}
  m_Layer: 8
  m_Name: pCylinder1
  m_TagString: Untagged
  m_Icon: {fileID: 0}
  m_NavMeshLayer: 0
  m_StaticEditorFlags: 0
  m_IsActive: 1
--- !u!4 &3090339346631243190
Transform:
  m_ObjectHideFlags: 0
  m_CorrespondingSourceObject: {fileID: 0}
  m_PrefabInstance: {fileID: 0}
  m_PrefabAsset: {fileID: 0}
  m_GameObject: {fileID: 3090339346631243191}
  m_LocalRotation: {x: 0, y: -0, z: -0, w: 1}
  m_LocalPosition: {x: -0, y: 0.010675219, z: 0}
  m_LocalScale: {x: 0.7335087, y: 1, z: 0.74608094}
  m_Children:
  - {fileID: 3090339346661559191}
  - {fileID: 3090339347106000391}
  - {fileID: 3090339346821018508}
  m_Father: {fileID: 3090339347354744840}
  m_RootOrder: 0
  m_LocalEulerAnglesHint: {x: 0, y: 0, z: 0}
--- !u!1 &3090339346661559272
GameObject:
  m_ObjectHideFlags: 0
  m_CorrespondingSourceObject: {fileID: 0}
  m_PrefabInstance: {fileID: 0}
  m_PrefabAsset: {fileID: 0}
  serializedVersion: 6
  m_Component:
  - component: {fileID: 3090339346661559191}
  - component: {fileID: 3090339346661559189}
  - component: {fileID: 3090339346661559190}
  m_Layer: 8
  m_Name: polySurface396
  m_TagString: Untagged
  m_Icon: {fileID: 0}
  m_NavMeshLayer: 0
  m_StaticEditorFlags: 0
  m_IsActive: 1
--- !u!4 &3090339346661559191
Transform:
  m_ObjectHideFlags: 0
  m_CorrespondingSourceObject: {fileID: 0}
  m_PrefabInstance: {fileID: 0}
  m_PrefabAsset: {fileID: 0}
  m_GameObject: {fileID: 3090339346661559272}
  m_LocalRotation: {x: 0, y: -0, z: -0, w: 1}
  m_LocalPosition: {x: -0, y: 0, z: 0}
  m_LocalScale: {x: 1, y: 1, z: 1}
  m_Children: []
  m_Father: {fileID: 3090339346631243190}
  m_RootOrder: 0
  m_LocalEulerAnglesHint: {x: 0, y: 0, z: 0}
--- !u!33 &3090339346661559189
MeshFilter:
  m_ObjectHideFlags: 0
  m_CorrespondingSourceObject: {fileID: 0}
  m_PrefabInstance: {fileID: 0}
  m_PrefabAsset: {fileID: 0}
  m_GameObject: {fileID: 3090339346661559272}
  m_Mesh: {fileID: 4300000, guid: 4a13f86b4c40e8344a078100f39c7d75, type: 3}
--- !u!23 &3090339346661559190
MeshRenderer:
  m_ObjectHideFlags: 0
  m_CorrespondingSourceObject: {fileID: 0}
  m_PrefabInstance: {fileID: 0}
  m_PrefabAsset: {fileID: 0}
  m_GameObject: {fileID: 3090339346661559272}
  m_Enabled: 1
  m_CastShadows: 1
  m_ReceiveShadows: 1
  m_DynamicOccludee: 1
  m_MotionVectors: 1
  m_LightProbeUsage: 1
  m_ReflectionProbeUsage: 1
  m_RayTracingMode: 2
  m_RayTraceProcedural: 0
  m_RenderingLayerMask: 1
  m_RendererPriority: 0
  m_Materials:
  - {fileID: 2100000, guid: 18ed21c308cac3746ac147353926c858, type: 2}
  m_StaticBatchInfo:
    firstSubMesh: 0
    subMeshCount: 0
  m_StaticBatchRoot: {fileID: 0}
  m_ProbeAnchor: {fileID: 0}
  m_LightProbeVolumeOverride: {fileID: 0}
  m_ScaleInLightmap: 1
  m_ReceiveGI: 1
  m_PreserveUVs: 0
  m_IgnoreNormalsForChartDetection: 0
  m_ImportantGI: 0
  m_StitchLightmapSeams: 0
  m_SelectedEditorRenderState: 3
  m_MinimumChartSize: 4
  m_AutoUVMaxDistance: 0.5
  m_AutoUVMaxAngle: 89
  m_LightmapParameters: {fileID: 0}
  m_SortingLayerID: 0
  m_SortingLayer: 0
  m_SortingOrder: 0
  m_AdditionalVertexStreams: {fileID: 0}
--- !u!1 &3090339346821018509
GameObject:
  m_ObjectHideFlags: 0
  m_CorrespondingSourceObject: {fileID: 0}
  m_PrefabInstance: {fileID: 0}
  m_PrefabAsset: {fileID: 0}
  serializedVersion: 6
  m_Component:
  - component: {fileID: 3090339346821018508}
  m_Layer: 8
  m_Name: transform1
  m_TagString: Untagged
  m_Icon: {fileID: 0}
  m_NavMeshLayer: 0
  m_StaticEditorFlags: 0
  m_IsActive: 1
--- !u!4 &3090339346821018508
Transform:
  m_ObjectHideFlags: 0
  m_CorrespondingSourceObject: {fileID: 0}
  m_PrefabInstance: {fileID: 0}
  m_PrefabAsset: {fileID: 0}
  m_GameObject: {fileID: 3090339346821018509}
  m_LocalRotation: {x: 0, y: -0, z: -0, w: 1}
  m_LocalPosition: {x: -0, y: 0, z: 0}
  m_LocalScale: {x: 1, y: 1, z: 1}
  m_Children: []
  m_Father: {fileID: 3090339346631243190}
  m_RootOrder: 2
  m_LocalEulerAnglesHint: {x: 0, y: 0, z: 0}
--- !u!1 &3090339347106000408
GameObject:
  m_ObjectHideFlags: 0
  m_CorrespondingSourceObject: {fileID: 0}
  m_PrefabInstance: {fileID: 0}
  m_PrefabAsset: {fileID: 0}
  serializedVersion: 6
  m_Component:
  - component: {fileID: 3090339347106000391}
  - component: {fileID: 3090339347106000389}
  - component: {fileID: 3090339347106000390}
  - component: {fileID: 3090339347106000388}
  m_Layer: 8
  m_Name: fill
  m_TagString: Untagged
  m_Icon: {fileID: 0}
  m_NavMeshLayer: 0
  m_StaticEditorFlags: 0
  m_IsActive: 1
--- !u!4 &3090339347106000391
Transform:
  m_ObjectHideFlags: 0
  m_CorrespondingSourceObject: {fileID: 0}
  m_PrefabInstance: {fileID: 0}
  m_PrefabAsset: {fileID: 0}
  m_GameObject: {fileID: 3090339347106000408}
  m_LocalRotation: {x: 0, y: -0, z: -0, w: 1}
  m_LocalPosition: {x: -0, y: 0, z: 0}
  m_LocalScale: {x: 1, y: 1, z: 1}
  m_Children: []
  m_Father: {fileID: 3090339346631243190}
  m_RootOrder: 1
  m_LocalEulerAnglesHint: {x: 0, y: 0, z: 0}
--- !u!33 &3090339347106000389
MeshFilter:
  m_ObjectHideFlags: 0
  m_CorrespondingSourceObject: {fileID: 0}
  m_PrefabInstance: {fileID: 0}
  m_PrefabAsset: {fileID: 0}
  m_GameObject: {fileID: 3090339347106000408}
  m_Mesh: {fileID: 4300002, guid: 4a13f86b4c40e8344a078100f39c7d75, type: 3}
--- !u!23 &3090339347106000390
MeshRenderer:
  m_ObjectHideFlags: 0
  m_CorrespondingSourceObject: {fileID: 0}
  m_PrefabInstance: {fileID: 0}
  m_PrefabAsset: {fileID: 0}
  m_GameObject: {fileID: 3090339347106000408}
  m_Enabled: 1
  m_CastShadows: 1
  m_ReceiveShadows: 1
  m_DynamicOccludee: 1
  m_MotionVectors: 1
  m_LightProbeUsage: 1
  m_ReflectionProbeUsage: 1
  m_RayTracingMode: 2
  m_RayTraceProcedural: 0
  m_RenderingLayerMask: 1
  m_RendererPriority: 0
  m_Materials:
  - {fileID: 2100000, guid: 0314a54a3f56c604ebfb06df668dfa18, type: 2}
  m_StaticBatchInfo:
    firstSubMesh: 0
    subMeshCount: 0
  m_StaticBatchRoot: {fileID: 0}
  m_ProbeAnchor: {fileID: 0}
  m_LightProbeVolumeOverride: {fileID: 0}
  m_ScaleInLightmap: 1
  m_ReceiveGI: 1
  m_PreserveUVs: 0
  m_IgnoreNormalsForChartDetection: 0
  m_ImportantGI: 0
  m_StitchLightmapSeams: 0
  m_SelectedEditorRenderState: 3
  m_MinimumChartSize: 4
  m_AutoUVMaxDistance: 0.5
  m_AutoUVMaxAngle: 89
  m_LightmapParameters: {fileID: 0}
  m_SortingLayerID: 0
  m_SortingLayer: 0
  m_SortingOrder: 0
  m_AdditionalVertexStreams: {fileID: 0}
--- !u!114 &3090339347106000388
MonoBehaviour:
  m_ObjectHideFlags: 0
  m_CorrespondingSourceObject: {fileID: 0}
  m_PrefabInstance: {fileID: 0}
  m_PrefabAsset: {fileID: 0}
  m_GameObject: {fileID: 3090339347106000408}
  m_Enabled: 1
  m_EditorHideFlags: 0
  m_Script: {fileID: 11500000, guid: 40758bf246aff0e4bb78fe22dad545d5, type: 3}
  m_Name: 
  m_EditorClassIdentifier: 
  MaxWobble: 0.03
  WobbleSpeed: 1
  Recovery: 1
--- !u!1 &3090339347354744841
GameObject:
  m_ObjectHideFlags: 0
  m_CorrespondingSourceObject: {fileID: 0}
  m_PrefabInstance: {fileID: 0}
  m_PrefabAsset: {fileID: 0}
  serializedVersion: 6
  m_Component:
  - component: {fileID: 3090339347354744840}
  m_Layer: 8
  m_Name: cupheart_fill
  m_TagString: Untagged
  m_Icon: {fileID: 0}
  m_NavMeshLayer: 0
  m_StaticEditorFlags: 0
  m_IsActive: 0
--- !u!4 &3090339347354744840
Transform:
  m_ObjectHideFlags: 0
  m_CorrespondingSourceObject: {fileID: 0}
  m_PrefabInstance: {fileID: 0}
  m_PrefabAsset: {fileID: 0}
  m_GameObject: {fileID: 3090339347354744841}
  m_LocalRotation: {x: -0, y: -0.62580097, z: -0, w: 0.77998275}
  m_LocalPosition: {x: 0.81, y: -2.4, z: 0.38}
  m_LocalScale: {x: 499.99994, y: 500, z: 499.99994}
  m_Children:
  - {fileID: 3090339346631243190}
  - {fileID: 3090339347891006929}
  m_Father: {fileID: 3090339347963869496}
  m_RootOrder: 1
  m_LocalEulerAnglesHint: {x: 0, y: -77.482, z: 0}
--- !u!1 &3090339347891006930
GameObject:
  m_ObjectHideFlags: 0
  m_CorrespondingSourceObject: {fileID: 0}
  m_PrefabInstance: {fileID: 0}
  m_PrefabAsset: {fileID: 0}
  serializedVersion: 6
  m_Component:
  - component: {fileID: 3090339347891006929}
  - component: {fileID: 3090339347891006943}
  - component: {fileID: 3090339347891006928}
  m_Layer: 8
  m_Name: pTorus1
  m_TagString: Untagged
  m_Icon: {fileID: 0}
  m_NavMeshLayer: 0
  m_StaticEditorFlags: 0
  m_IsActive: 1
--- !u!4 &3090339347891006929
Transform:
  m_ObjectHideFlags: 0
  m_CorrespondingSourceObject: {fileID: 0}
  m_PrefabInstance: {fileID: 0}
  m_PrefabAsset: {fileID: 0}
  m_GameObject: {fileID: 3090339347891006930}
  m_LocalRotation: {x: 0.7071068, y: -0, z: -0, w: 0.7071068}
  m_LocalPosition: {x: 0.0031951233, y: 0.0065529672, z: 0}
  m_LocalScale: {x: 0.5783915, y: 1.7292371, z: 0.5783915}
  m_Children: []
  m_Father: {fileID: 3090339347354744840}
  m_RootOrder: 1
  m_LocalEulerAnglesHint: {x: 0, y: 0, z: 0}
--- !u!33 &3090339347891006943
MeshFilter:
  m_ObjectHideFlags: 0
  m_CorrespondingSourceObject: {fileID: 0}
  m_PrefabInstance: {fileID: 0}
  m_PrefabAsset: {fileID: 0}
  m_GameObject: {fileID: 3090339347891006930}
  m_Mesh: {fileID: 4300004, guid: 4a13f86b4c40e8344a078100f39c7d75, type: 3}
--- !u!23 &3090339347891006928
MeshRenderer:
  m_ObjectHideFlags: 0
  m_CorrespondingSourceObject: {fileID: 0}
  m_PrefabInstance: {fileID: 0}
  m_PrefabAsset: {fileID: 0}
  m_GameObject: {fileID: 3090339347891006930}
  m_Enabled: 1
  m_CastShadows: 1
  m_ReceiveShadows: 1
  m_DynamicOccludee: 1
  m_MotionVectors: 1
  m_LightProbeUsage: 1
  m_ReflectionProbeUsage: 1
  m_RayTracingMode: 2
  m_RayTraceProcedural: 0
  m_RenderingLayerMask: 1
  m_RendererPriority: 0
  m_Materials:
  - {fileID: 2100000, guid: 18ed21c308cac3746ac147353926c858, type: 2}
  m_StaticBatchInfo:
    firstSubMesh: 0
    subMeshCount: 0
  m_StaticBatchRoot: {fileID: 0}
  m_ProbeAnchor: {fileID: 0}
  m_LightProbeVolumeOverride: {fileID: 0}
  m_ScaleInLightmap: 1
  m_ReceiveGI: 1
  m_PreserveUVs: 0
  m_IgnoreNormalsForChartDetection: 0
  m_ImportantGI: 0
  m_StitchLightmapSeams: 0
  m_SelectedEditorRenderState: 3
  m_MinimumChartSize: 4
  m_AutoUVMaxDistance: 0.5
  m_AutoUVMaxAngle: 89
  m_LightmapParameters: {fileID: 0}
  m_SortingLayerID: 0
  m_SortingLayer: 0
  m_SortingOrder: 0
  m_AdditionalVertexStreams: {fileID: 0}
--- !u!1 &3090339347963869497
GameObject:
  m_ObjectHideFlags: 0
  m_CorrespondingSourceObject: {fileID: 0}
  m_PrefabInstance: {fileID: 0}
  m_PrefabAsset: {fileID: 0}
  serializedVersion: 6
  m_Component:
  - component: {fileID: 3090339347963869496}
  - component: {fileID: 3090339347963869479}
  m_Layer: 8
  m_Name: teapot_glaze
  m_TagString: Untagged
  m_Icon: {fileID: 0}
  m_NavMeshLayer: 0
  m_StaticEditorFlags: 0
  m_IsActive: 0
--- !u!4 &3090339347963869496
Transform:
  m_ObjectHideFlags: 0
  m_CorrespondingSourceObject: {fileID: 0}
  m_PrefabInstance: {fileID: 0}
  m_PrefabAsset: {fileID: 0}
  m_GameObject: {fileID: 3090339347963869497}
  m_LocalRotation: {x: -0.07251904, y: 0.23887217, z: 0.14054142, w: 0.9580862}
  m_LocalPosition: {x: 0.301, y: 1.3430004, z: 0.361}
  m_LocalScale: {x: 0.12, y: 0.12, z: 0.12}
  m_Children:
  - {fileID: 7303818983020371160}
  - {fileID: 3090339347354744840}
  - {fileID: 5918162629818089640}
  m_Father: {fileID: 0}
  m_RootOrder: 0
  m_LocalEulerAnglesHint: {x: -11.894001, y: 26.547, z: 13.875001}
--- !u!114 &3090339347963869479
MonoBehaviour:
  m_ObjectHideFlags: 0
  m_CorrespondingSourceObject: {fileID: 0}
  m_PrefabInstance: {fileID: 0}
  m_PrefabAsset: {fileID: 0}
  m_GameObject: {fileID: 3090339347963869497}
  m_Enabled: 1
  m_EditorHideFlags: 0
  m_Script: {fileID: 11500000, guid: e770def86b34f8e41a11cb9b96d526c0, type: 3}
  m_Name: 
  m_EditorClassIdentifier: 
  StartAngle: {x: 18.141, y: 33.899, z: 15.336}
  EndAngle: {x: -11.894, y: 26.547, z: 13.875}
  TableOffset: {x: 0, y: 0, z: 0}
  RestRotation: {x: 0, y: 0, z: 0}
--- !u!1 &6414624201019439440
GameObject:
  m_ObjectHideFlags: 0
  m_CorrespondingSourceObject: {fileID: 0}
  m_PrefabInstance: {fileID: 0}
  m_PrefabAsset: {fileID: 0}
  serializedVersion: 6
  m_Component:
  - component: {fileID: 6186534390504512812}
  m_Layer: 8
  m_Name: transform1_001
  m_TagString: Untagged
  m_Icon: {fileID: 0}
  m_NavMeshLayer: 0
  m_StaticEditorFlags: 0
  m_IsActive: 1
--- !u!4 &6186534390504512812
Transform:
  m_ObjectHideFlags: 0
  m_CorrespondingSourceObject: {fileID: 0}
  m_PrefabInstance: {fileID: 0}
  m_PrefabAsset: {fileID: 0}
  m_GameObject: {fileID: 6414624201019439440}
  m_LocalRotation: {x: 0.000000007188306, y: 0.69800705, z: 0.000000019002737, w: 0.71609086}
  m_LocalPosition: {x: 0.16, y: 1.35, z: -0.23}
  m_LocalScale: {x: 183.37715, y: 249.99998, z: 186.5202}
  m_Children: []
  m_Father: {fileID: 7303818983020371160}
  m_RootOrder: 2
  m_LocalEulerAnglesHint: {x: 0, y: 0, z: 0}
--- !u!1001 &7122119380524235571
PrefabInstance:
  m_ObjectHideFlags: 0
  serializedVersion: 2
  m_Modification:
    m_TransformParent: {fileID: 3090339347963869496}
    m_Modifications:
    - target: {fileID: -8679921383154817045, guid: 529cb7a3634c5cc4684e697e4e085fd1,
        type: 3}
      propertyPath: m_RootOrder
      value: 0
      objectReference: {fileID: 0}
    - target: {fileID: -8679921383154817045, guid: 529cb7a3634c5cc4684e697e4e085fd1,
        type: 3}
      propertyPath: m_LocalScale.x
      value: 200
      objectReference: {fileID: 0}
    - target: {fileID: -8679921383154817045, guid: 529cb7a3634c5cc4684e697e4e085fd1,
        type: 3}
      propertyPath: m_LocalScale.y
      value: 200
      objectReference: {fileID: 0}
    - target: {fileID: -8679921383154817045, guid: 529cb7a3634c5cc4684e697e4e085fd1,
        type: 3}
      propertyPath: m_LocalScale.z
      value: 200
      objectReference: {fileID: 0}
    - target: {fileID: -8679921383154817045, guid: 529cb7a3634c5cc4684e697e4e085fd1,
        type: 3}
      propertyPath: m_LocalPosition.x
      value: 1
      objectReference: {fileID: 0}
    - target: {fileID: -8679921383154817045, guid: 529cb7a3634c5cc4684e697e4e085fd1,
        type: 3}
      propertyPath: m_LocalPosition.y
      value: -1.72
      objectReference: {fileID: 0}
    - target: {fileID: -8679921383154817045, guid: 529cb7a3634c5cc4684e697e4e085fd1,
        type: 3}
      propertyPath: m_LocalPosition.z
      value: -0.15
      objectReference: {fileID: 0}
    - target: {fileID: -8679921383154817045, guid: 529cb7a3634c5cc4684e697e4e085fd1,
        type: 3}
      propertyPath: m_LocalRotation.w
      value: 0.12172505
      objectReference: {fileID: 0}
    - target: {fileID: -8679921383154817045, guid: 529cb7a3634c5cc4684e697e4e085fd1,
        type: 3}
      propertyPath: m_LocalRotation.x
      value: 0.0000000074505815
      objectReference: {fileID: 0}
    - target: {fileID: -8679921383154817045, guid: 529cb7a3634c5cc4684e697e4e085fd1,
        type: 3}
      propertyPath: m_LocalRotation.y
      value: -0.99256384
      objectReference: {fileID: 0}
    - target: {fileID: -8679921383154817045, guid: 529cb7a3634c5cc4684e697e4e085fd1,
        type: 3}
      propertyPath: m_LocalRotation.z
      value: -0.0000000074505815
      objectReference: {fileID: 0}
    - target: {fileID: -8679921383154817045, guid: 529cb7a3634c5cc4684e697e4e085fd1,
        type: 3}
      propertyPath: m_LocalEulerAnglesHint.x
      value: 0
      objectReference: {fileID: 0}
    - target: {fileID: -8679921383154817045, guid: 529cb7a3634c5cc4684e697e4e085fd1,
        type: 3}
      propertyPath: m_LocalEulerAnglesHint.y
      value: -166.017
      objectReference: {fileID: 0}
    - target: {fileID: -8679921383154817045, guid: 529cb7a3634c5cc4684e697e4e085fd1,
        type: 3}
      propertyPath: m_LocalEulerAnglesHint.z
      value: 0
      objectReference: {fileID: 0}
    - target: {fileID: -6706836917977678662, guid: 529cb7a3634c5cc4684e697e4e085fd1,
        type: 3}
      propertyPath: m_Name
      value: fill
      objectReference: {fileID: 0}
    - target: {fileID: -6706836917977678662, guid: 529cb7a3634c5cc4684e697e4e085fd1,
        type: 3}
      propertyPath: m_Layer
      value: 8
      objectReference: {fileID: 0}
    - target: {fileID: -5892793275051541851, guid: 529cb7a3634c5cc4684e697e4e085fd1,
        type: 3}
      propertyPath: m_Materials.Array.data[0]
      value: 
      objectReference: {fileID: 2100000, guid: 9547e44791b9c4948a3b0610c86aaad8, type: 2}
    - target: {fileID: -2324789392095726212, guid: 529cb7a3634c5cc4684e697e4e085fd1,
        type: 3}
      propertyPath: m_LocalScale.x
      value: 1
      objectReference: {fileID: 0}
    - target: {fileID: -2324789392095726212, guid: 529cb7a3634c5cc4684e697e4e085fd1,
        type: 3}
      propertyPath: m_LocalScale.y
      value: 1
      objectReference: {fileID: 0}
    - target: {fileID: -2324789392095726212, guid: 529cb7a3634c5cc4684e697e4e085fd1,
        type: 3}
      propertyPath: m_LocalScale.z
      value: 1
      objectReference: {fileID: 0}
    - target: {fileID: -2143502062234598025, guid: 529cb7a3634c5cc4684e697e4e085fd1,
        type: 3}
      propertyPath: m_Layer
      value: 8
      objectReference: {fileID: 0}
    - target: {fileID: 919132149155446097, guid: 529cb7a3634c5cc4684e697e4e085fd1,
        type: 3}
      propertyPath: m_Name
      value: teapot
      objectReference: {fileID: 0}
    - target: {fileID: 919132149155446097, guid: 529cb7a3634c5cc4684e697e4e085fd1,
        type: 3}
      propertyPath: m_Layer
      value: 8
      objectReference: {fileID: 0}
    - target: {fileID: 5445548825922953960, guid: 529cb7a3634c5cc4684e697e4e085fd1,
        type: 3}
      propertyPath: m_LocalScale.x
      value: 1
      objectReference: {fileID: 0}
    - target: {fileID: 5445548825922953960, guid: 529cb7a3634c5cc4684e697e4e085fd1,
        type: 3}
      propertyPath: m_LocalScale.y
      value: 1
      objectReference: {fileID: 0}
    - target: {fileID: 5445548825922953960, guid: 529cb7a3634c5cc4684e697e4e085fd1,
        type: 3}
      propertyPath: m_LocalScale.z
      value: 1
      objectReference: {fileID: 0}
    m_RemovedComponents: []
  m_SourcePrefab: {fileID: 100100000, guid: 529cb7a3634c5cc4684e697e4e085fd1, type: 3}
--- !u!4 &7303818983020371160 stripped
Transform:
  m_CorrespondingSourceObject: {fileID: -8679921383154817045, guid: 529cb7a3634c5cc4684e697e4e085fd1,
    type: 3}
  m_PrefabInstance: {fileID: 7122119380524235571}
  m_PrefabAsset: {fileID: 0}
--- !u!1 &4628115522689730441 stripped
GameObject:
  m_CorrespondingSourceObject: {fileID: -6706836917977678662, guid: 529cb7a3634c5cc4684e697e4e085fd1,
    type: 3}
  m_PrefabInstance: {fileID: 7122119380524235571}
  m_PrefabAsset: {fileID: 0}
--- !u!114 &8524344477379265276
MonoBehaviour:
  m_ObjectHideFlags: 0
  m_CorrespondingSourceObject: {fileID: 0}
  m_PrefabInstance: {fileID: 0}
  m_PrefabAsset: {fileID: 0}
  m_GameObject: {fileID: 4628115522689730441}
  m_Enabled: 1
  m_EditorHideFlags: 0
  m_Script: {fileID: 11500000, guid: 40758bf246aff0e4bb78fe22dad545d5, type: 3}
  m_Name: 
  m_EditorClassIdentifier: 
  MaxWobble: 0.03
  WobbleSpeed: 1
  Recovery: 1
