%YAML 1.1
%TAG !u! tag:unity3d.com,2011:
--- !u!1 &396856300091658019
GameObject:
  m_ObjectHideFlags: 0
  m_CorrespondingSourceObject: {fileID: 0}
  m_PrefabInstance: {fileID: 0}
  m_PrefabAsset: {fileID: 0}
  serializedVersion: 6
  m_Component:
  - component: {fileID: 8428874823671799734}
  - component: {fileID: 8317715654425579720}
  m_Layer: 8
  m_Name: Sprinkles Manual
  m_TagString: Untagged
  m_Icon: {fileID: 0}
  m_NavMeshLayer: 0
  m_StaticEditorFlags: 0
  m_IsActive: 1
--- !u!4 &8428874823671799734
Transform:
  m_ObjectHideFlags: 0
  m_CorrespondingSourceObject: {fileID: 0}
  m_PrefabInstance: {fileID: 0}
  m_PrefabAsset: {fileID: 0}
  m_GameObject: {fileID: 396856300091658019}
  m_LocalRotation: {x: -0.00000008940697, y: -0.00000011920929, z: 0.47420287, w: 0.8804157}
  m_LocalPosition: {x: 0.312, y: -0.203, z: 0}
  m_LocalScale: {x: 0.9167216, y: 0.9167216, z: 0.9167216}
  m_Children:
  - {fileID: 5517455593605271979}
  - {fileID: 6749636608504204462}
  m_Father: {fileID: 1982909142942130538}
  m_RootOrder: 6
  m_LocalEulerAnglesHint: {x: 0, y: 0, z: 56.615}
--- !u!114 &8317715654425579720
MonoBehaviour:
  m_ObjectHideFlags: 0
  m_CorrespondingSourceObject: {fileID: 0}
  m_PrefabInstance: {fileID: 0}
  m_PrefabAsset: {fileID: 0}
  m_GameObject: {fileID: 396856300091658019}
  m_Enabled: 1
  m_EditorHideFlags: 0
  m_Script: {fileID: 11500000, guid: 2179359cc2a883a438dca2c78b5c9308, type: 3}
  m_Name: 
  m_EditorClassIdentifier: 
  paths:
  - path: {fileID: 967341593838960822}
    sections:
    - weight: 1
      options: 01000000
    magnet: 0
  options:
  - {fileID: 5429965522024556150}
  - {fileID: 2500774116682560386}
  - {fileID: 592220489179091994}
  physicsEnabled: 0
  bonus: 0
--- !u!1 &813683210463384822
GameObject:
  m_ObjectHideFlags: 0
  m_CorrespondingSourceObject: {fileID: 0}
  m_PrefabInstance: {fileID: 0}
  m_PrefabAsset: {fileID: 0}
  serializedVersion: 6
  m_Component:
  - component: {fileID: 2228649862550630777}
  m_Layer: 8
  m_Name: MiniDecor
  m_TagString: Untagged
  m_Icon: {fileID: 0}
  m_NavMeshLayer: 0
  m_StaticEditorFlags: 0
  m_IsActive: 1
--- !u!4 &2228649862550630777
Transform:
  m_ObjectHideFlags: 0
  m_CorrespondingSourceObject: {fileID: 0}
  m_PrefabInstance: {fileID: 0}
  m_PrefabAsset: {fileID: 0}
  m_GameObject: {fileID: 813683210463384822}
  m_LocalRotation: {x: 0, y: 0, z: 0, w: 1}
  m_LocalPosition: {x: 0, y: 0, z: 0}
  m_LocalScale: {x: 1, y: 1, z: 1}
  m_Children:
  - {fileID: 2236447554132343671}
  - {fileID: 6061948187242778860}
  - {fileID: 8429885634234756754}
  m_Father: {fileID: 2590605574385291590}
  m_RootOrder: 0
  m_LocalEulerAnglesHint: {x: 0, y: 0, z: 0}
--- !u!1 &1714171230628855280
GameObject:
  m_ObjectHideFlags: 0
  m_CorrespondingSourceObject: {fileID: 0}
  m_PrefabInstance: {fileID: 0}
  m_PrefabAsset: {fileID: 0}
  serializedVersion: 6
  m_Component:
  - component: {fileID: 8113974864733939713}
  - component: {fileID: 24350333862056888}
  - component: {fileID: 5563225436912553864}
  - component: {fileID: 8135251485044112104}
  m_Layer: 8
  m_Name: Stroke Manual 0
  m_TagString: Untagged
  m_Icon: {fileID: 0}
  m_NavMeshLayer: 0
  m_StaticEditorFlags: 0
  m_IsActive: 1
--- !u!4 &8113974864733939713
Transform:
  m_ObjectHideFlags: 0
  m_CorrespondingSourceObject: {fileID: 0}
  m_PrefabInstance: {fileID: 0}
  m_PrefabAsset: {fileID: 0}
  m_GameObject: {fileID: 1714171230628855280}
  m_LocalRotation: {x: 0, y: 0, z: 0, w: 1}
  m_LocalPosition: {x: -0.399, y: 0.697, z: -0}
  m_LocalScale: {x: 0.3064396, y: 0.3064396, z: 0.3064396}
  m_Children: []
  m_Father: {fileID: 1982909142942130538}
  m_RootOrder: 4
  m_LocalEulerAnglesHint: {x: 0, y: 0, z: 0}
--- !u!114 &24350333862056888
MonoBehaviour:
  m_ObjectHideFlags: 0
  m_CorrespondingSourceObject: {fileID: 0}
  m_PrefabInstance: {fileID: 0}
  m_PrefabAsset: {fileID: 0}
  m_GameObject: {fileID: 1714171230628855280}
  m_Enabled: 1
  m_EditorHideFlags: 0
  m_Script: {fileID: 11500000, guid: 5120595cb07379d488e526d799bc1e6d, type: 3}
  m_Name: 
  m_EditorClassIdentifier: 
  path: {fileID: 8135251485044112104}
  sections:
  - weight: 1
    colors: 01000000
  options:
  - colors:
    - {r: 0.105882354, g: 0.75501674, b: 0.92156863, a: 1}
    gradient: 0
  - colors:
    - {r: 0.9843137, g: 0.28235295, b: 0.56424224, a: 1}
    gradient: 0
  - colors:
    - {r: 0.6569321, g: 0.972549, b: 0.22352937, a: 1}
    gradient: 0
  - colors:
    - {r: 0.5993331, g: 0.399, b: 1, a: 1}
    gradient: 0
  brush: {fileID: 5563225436912553864}
  material: {fileID: 2100000, guid: 108036d14a7415f4b95df06c69a79ceb, type: 2}
--- !u!114 &5563225436912553864
MonoBehaviour:
  m_ObjectHideFlags: 0
  m_CorrespondingSourceObject: {fileID: 0}
  m_PrefabInstance: {fileID: 0}
  m_PrefabAsset: {fileID: 0}
  m_GameObject: {fileID: 1714171230628855280}
  m_Enabled: 1
  m_EditorHideFlags: 0
  m_Script: {fileID: 11500000, guid: f6202143f93329f4596fcd4f38f4496e, type: 3}
  m_Name: 
  m_EditorClassIdentifier: 
  tip: {fileID: 4760252478746094373, guid: b72e6a18647e9bf4ea30f272a119c269, type: 3}
  size:
    serializedVersion: 2
    m_Curve:
    - serializedVersion: 3
      time: 0
      value: 0.2
      inSlope: 0
      outSlope: 0
      tangentMode: 0
      weightedMode: 3
      inWeight: 0
      outWeight: 0
    - serializedVersion: 3
      time: 4.9051666
      value: 0.32310432
      inSlope: 0
      outSlope: 0
      tangentMode: 0
      weightedMode: 3
      inWeight: 0
      outWeight: 0
    m_PreInfinity: 2
    m_PostInfinity: 2
    m_RotationOrder: 4
  twist: 0.5
--- !u!114 &8135251485044112104
MonoBehaviour:
  m_ObjectHideFlags: 0
  m_CorrespondingSourceObject: {fileID: 0}
  m_PrefabInstance: {fileID: 0}
  m_PrefabAsset: {fileID: 0}
  m_GameObject: {fileID: 1714171230628855280}
  m_Enabled: 1
  m_EditorHideFlags: 0
  m_Script: {fileID: 11500000, guid: c25f2c3c6d52ab744a70ac080b3e3958, type: 3}
  m_Name: 
  m_EditorClassIdentifier: 
  svgPoints:
  - x: -1.130025086185423
    y: 0.8797673437905287
  - x: -0.6127227287417492
    y: 1.387792689693875
  - x: 0.1395966252544405
    y: 1.5
  - x: 0.6873804764893532
    y: 1.1814901692141573
  - x: 1.065969785998453
    y: 0.961493109749861
  - x: 1.340303499749222
    y: 0.5400529633463697
  - x: 1.3672508906961738
    y: 0.06471791708601562
  - x: 1.372110263675356
    y: -0.02054198542130617
  - x: 1.3941983216662723
    y: -0.5683258535080701
  - x: 0.967898785958368
    y: -0.9879989653412693
  - x: 0.44750394528520704
    y: -1.5
  - x: -0.26019736872778587
    y: -1.3493595487622472
  - x: -0.31762632087338155
    y: -1.3361067136517253
  - x: -0.4757768164885748
    y: -1.2994405356700216
  - x: -1.1198646331932802
    y: -1.121410791602008
  - x: -1.2921514896300672
    y: -0.5104551132291616
  - x: -1.3941983216662723
    y: -0.14909446240077856
  - x: -1.3102636971931512
    y: 0.29266670794995747
  - x: -1.0045649744724787
    y: 0.5811367656704691
  - x: -0.6317185399557169
    y: 0.9323368960993043
  - x: -0.01767054687189645
    y: 0.9690030867198963
  - x: 0.36091883004460845
    y: 0.6747901371551954
  - x: 0.5694301058205261
    y: 0.5131055555475665
  - x: 0.7342070189909804
    y: 0.21624202884965038
  - x: 0.6666175464458367
    y: -0.09343251112177246
  - x: 0.6149314903573931
    y: -0.32977473725941625
  - x: 0.43778526357452574
    y: -0.5533058827161481
  - x: 0.18244731048217055
    y: -0.6301723330979168
  - x: -0.05610372150722688
    y: -0.7021794004947164
  - x: -0.4205566870465841
    y: -0.6650714659769211
  - x: -0.5477839175890771
    y: -0.4088499934929385
  - x: -0.630393259815035
    y: -0.24186427447073053
  - x: -0.616698661848977
    y: 0.0267265137321467
  - x: -0.42850840159437836
    y: 0.16146370439282376
  - x: -0.30039766219266495
    y: 0.2533500244554066
  - x: -0.12192614263022707
    y: 0.26085996772173936
  - x: 0.034457318414674
    y: 0.18531880801305978
  - x: 529.5999908447266
    y: 494.59998846054077
  svgCommands: 0100000004000000040000000400000004000000040000000400000004000000040000000400000004000000040000000400000004000000040000000400000004000000040000000400000004000000040000000400000004000000040000000400000004000000040000000400000004000000040000000400000004000000040000000400000004000000040000000400000000000000
  reverse: 0
  offset: 0
--- !u!1 &2637626534760138320
GameObject:
  m_ObjectHideFlags: 0
  m_CorrespondingSourceObject: {fileID: 0}
  m_PrefabInstance: {fileID: 0}
  m_PrefabAsset: {fileID: 0}
  serializedVersion: 6
  m_Component:
  - component: {fileID: 6749636608504204462}
  - component: {fileID: 967341593838960822}
  m_Layer: 0
  m_Name: Path
  m_TagString: Untagged
  m_Icon: {fileID: 0}
  m_NavMeshLayer: 0
  m_StaticEditorFlags: 0
  m_IsActive: 1
--- !u!4 &6749636608504204462
Transform:
  m_ObjectHideFlags: 0
  m_CorrespondingSourceObject: {fileID: 0}
  m_PrefabInstance: {fileID: 0}
  m_PrefabAsset: {fileID: 0}
  m_GameObject: {fileID: 2637626534760138320}
  m_LocalRotation: {x: 0, y: 0, z: 0, w: 1}
  m_LocalPosition: {x: 0, y: 0, z: 0}
  m_LocalScale: {x: 1, y: 1, z: 1}
  m_Children: []
  m_Father: {fileID: 8428874823671799734}
  m_RootOrder: 1
  m_LocalEulerAnglesHint: {x: 0, y: 0, z: 0}
--- !u!114 &967341593838960822
MonoBehaviour:
  m_ObjectHideFlags: 0
  m_CorrespondingSourceObject: {fileID: 0}
  m_PrefabInstance: {fileID: 0}
  m_PrefabAsset: {fileID: 0}
  m_GameObject: {fileID: 2637626534760138320}
  m_Enabled: 1
  m_EditorHideFlags: 0
  m_Script: {fileID: 11500000, guid: c25f2c3c6d52ab744a70ac080b3e3958, type: 3}
  m_Name: 
  m_EditorClassIdentifier: 
  svgPoints:
  - x: -1.5
    y: 0.6925447049024019
  - x: 0.6659014018928908
    y: 0.6102585735627865
  - x: 1.4884002821739772
    y: 0.48628563699845423
  - x: 1.4923876272177095
    y: 0.34418801633837925
  - x: 1.5
    y: 0.08246738938129108
  - x: -1.2701787418268426
    y: -0.1625785486732235
  - x: -1.2607539874059734
    y: -0.4188617662531747
  - x: -1.2556790720737376
    y: -0.5573344611565388
  - x: -0.4382552177492641
    y: -0.6421580391430473
  - x: 0.7739245572689277
    y: -0.6925447049024019
  - x: 746.0999908447266
    y: 644.8999862670898
  svgCommands: 0100000004000000040000000400000004000000040000000400000004000000040000000400000000000000
  reverse: 0
  offset: 0
--- !u!1 &2692379402090975538
GameObject:
  m_ObjectHideFlags: 0
  m_CorrespondingSourceObject: {fileID: 0}
  m_PrefabInstance: {fileID: 0}
  m_PrefabAsset: {fileID: 0}
  serializedVersion: 6
  m_Component:
  - component: {fileID: 6486238112813185337}
  m_Layer: 0
  m_Name: previewCameraTransform
  m_TagString: Untagged
  m_Icon: {fileID: 0}
  m_NavMeshLayer: 0
  m_StaticEditorFlags: 0
  m_IsActive: 1
--- !u!4 &6486238112813185337
Transform:
  m_ObjectHideFlags: 0
  m_CorrespondingSourceObject: {fileID: 0}
  m_PrefabInstance: {fileID: 0}
  m_PrefabAsset: {fileID: 0}
  m_GameObject: {fileID: 2692379402090975538}
  m_LocalRotation: {x: 0.5, y: 0, z: 0, w: 0.8660254}
  m_LocalPosition: {x: 0, y: 6.6, z: -3.6}
  m_LocalScale: {x: 1, y: 1, z: 1}
  m_Children: []
  m_Father: {fileID: 3949099539620166027}
  m_RootOrder: 1
  m_LocalEulerAnglesHint: {x: 0, y: 0, z: 0}
--- !u!1 &3383547228451257799
GameObject:
  m_ObjectHideFlags: 0
  m_CorrespondingSourceObject: {fileID: 0}
  m_PrefabInstance: {fileID: 0}
  m_PrefabAsset: {fileID: 0}
  serializedVersion: 6
  m_Component:
  - component: {fileID: 4572056751458036756}
  - component: {fileID: 5429965522024556150}
  m_Layer: 8
  m_Name: Option_002
  m_TagString: Untagged
  m_Icon: {fileID: 0}
  m_NavMeshLayer: 0
  m_StaticEditorFlags: 0
  m_IsActive: 1
--- !u!4 &4572056751458036756
Transform:
  m_ObjectHideFlags: 0
  m_CorrespondingSourceObject: {fileID: 0}
  m_PrefabInstance: {fileID: 0}
  m_PrefabAsset: {fileID: 0}
  m_GameObject: {fileID: 3383547228451257799}
  m_LocalRotation: {x: -0, y: -0, z: -0, w: 1}
  m_LocalPosition: {x: 0, y: 0, z: 0}
  m_LocalScale: {x: 1, y: 1, z: 1}
  m_Children: []
  m_Father: {fileID: 5517455593605271979}
  m_RootOrder: 2
  m_LocalEulerAnglesHint: {x: 0, y: 0, z: 0}
--- !u!114 &5429965522024556150
MonoBehaviour:
  m_ObjectHideFlags: 0
  m_CorrespondingSourceObject: {fileID: 0}
  m_PrefabInstance: {fileID: 0}
  m_PrefabAsset: {fileID: 0}
  m_GameObject: {fileID: 3383547228451257799}
  m_Enabled: 0
  m_EditorHideFlags: 0
  m_Script: {fileID: 11500000, guid: 552fb6fa4deaccb46ba7fa59819fc06a, type: 3}
  m_Name: 
  m_EditorClassIdentifier: 
  special: 0
  objects:
  - {fileID: 114999578554622652, guid: 7149525ff14343f44ba3f69fb9c1c37b, type: 3}
  - {fileID: 2647852329520218456, guid: 8d4f907bba59f6e42b73731e08670013, type: 3}
  objectSizeX:
    serializedVersion: 2
    m_Curve:
    - serializedVersion: 3
      time: 0.046334833
      value: 0.104266785
      inSlope: 0
      outSlope: 0
      tangentMode: 0
      weightedMode: 3
      inWeight: 0
      outWeight: 0
    - serializedVersion: 3
      time: 1.0463349
      value: 0.114266776
      inSlope: 0
      outSlope: 0
      tangentMode: 0
      weightedMode: 3
      inWeight: 0
      outWeight: 0
    m_PreInfinity: 2
    m_PostInfinity: 2
    m_RotationOrder: 4
  objectSizeY:
    serializedVersion: 2
    m_Curve:
    - serializedVersion: 3
      time: 0.046334833
      value: 0.104266785
      inSlope: 0
      outSlope: 0
      tangentMode: 0
      weightedMode: 3
      inWeight: 0
      outWeight: 0
    - serializedVersion: 3
      time: 1.0463349
      value: 0.114266776
      inSlope: 0
      outSlope: 0
      tangentMode: 0
      weightedMode: 3
      inWeight: 0
      outWeight: 0
    m_PreInfinity: 2
    m_PostInfinity: 2
    m_RotationOrder: 4
  objectSizeZ:
    serializedVersion: 2
    m_Curve:
    - serializedVersion: 3
      time: 0.046334833
      value: 0.104266785
      inSlope: 0
      outSlope: 0
      tangentMode: 0
      weightedMode: 3
      inWeight: 0
      outWeight: 0
    - serializedVersion: 3
      time: 1.0463349
      value: 0.114266776
      inSlope: 0
      outSlope: 0
      tangentMode: 0
      weightedMode: 3
      inWeight: 0
      outWeight: 0
    m_PreInfinity: 2
    m_PostInfinity: 2
    m_RotationOrder: 4
  rotationX:
    serializedVersion: 2
    m_Curve:
    - serializedVersion: 3
      time: 0
      value: 0
      inSlope: 0
      outSlope: 0
      tangentMode: 0
      weightedMode: 3
      inWeight: 0
      outWeight: 0
    - serializedVersion: 3
      time: 1
      value: 0
      inSlope: 0
      outSlope: 0
      tangentMode: 0
      weightedMode: 3
      inWeight: 0
      outWeight: 0
    m_PreInfinity: 2
    m_PostInfinity: 2
    m_RotationOrder: 4
  rotationY:
    serializedVersion: 2
    m_Curve:
    - serializedVersion: 3
      time: 0
      value: 0
      inSlope: 0
      outSlope: 0
      tangentMode: 0
      weightedMode: 3
      inWeight: 0
      outWeight: 0
    - serializedVersion: 3
      time: 1
      value: 0
      inSlope: 0
      outSlope: 0
      tangentMode: 0
      weightedMode: 3
      inWeight: 0
      outWeight: 0
    m_PreInfinity: 2
    m_PostInfinity: 2
    m_RotationOrder: 4
  rotationZ:
    serializedVersion: 2
    m_Curve:
    - serializedVersion: 3
      time: 0
      value: 0
      inSlope: 0
      outSlope: 0
      tangentMode: 0
      weightedMode: 3
      inWeight: 0
      outWeight: 0
    - serializedVersion: 3
      time: 1
      value: 360
      inSlope: 0
      outSlope: 0
      tangentMode: 0
      weightedMode: 3
      inWeight: 0
      outWeight: 0
    m_PreInfinity: 2
    m_PostInfinity: 2
    m_RotationOrder: 4
  color:
    serializedVersion: 2
    key0: {r: 0.59761316, g: 0.5882353, b: 1, a: 1}
    key1: {r: 0.013375282, g: 0, b: 1, a: 1}
    key2: {r: 0.7363515, g: 0, b: 1, a: 0}
    key3: {r: 0.07843137, g: 0.4779123, b: 1, a: 0}
    key4: {r: 0.62513065, g: 0.07843137, b: 1, a: 0}
    key5: {r: 1, g: 0.07843137, b: 0.46137494, a: 0}
    key6: {r: 1, g: 0.8209606, b: 0.07843137, a: 0}
    key7: {r: 0, g: 0, b: 0, a: 0}
    ctime0: 193
    ctime1: 22745
    ctime2: 65535
    ctime3: 37201
    ctime4: 49151
    ctime5: 57054
    ctime6: 64571
    ctime7: 0
    atime0: 0
    atime1: 65535
    atime2: 0
    atime3: 0
    atime4: 0
    atime5: 0
    atime6: 0
    atime7: 0
    m_Mode: 0
    m_NumColorKeys: 3
    m_NumAlphaKeys: 2
  spacing: 0.205
  radius: 0.89
  count: 3
  sprinklePreviewType: 2
--- !u!1 &3746835674675661719
GameObject:
  m_ObjectHideFlags: 0
  m_CorrespondingSourceObject: {fileID: 0}
  m_PrefabInstance: {fileID: 0}
  m_PrefabAsset: {fileID: 0}
  serializedVersion: 6
  m_Component:
  - component: {fileID: 5517455593605271979}
  m_Layer: 8
  m_Name: Options
  m_TagString: Untagged
  m_Icon: {fileID: 0}
  m_NavMeshLayer: 0
  m_StaticEditorFlags: 0
  m_IsActive: 1
--- !u!4 &5517455593605271979
Transform:
  m_ObjectHideFlags: 0
  m_CorrespondingSourceObject: {fileID: 0}
  m_PrefabInstance: {fileID: 0}
  m_PrefabAsset: {fileID: 0}
  m_GameObject: {fileID: 3746835674675661719}
  m_LocalRotation: {x: 0, y: 0, z: 0, w: 1}
  m_LocalPosition: {x: 0, y: 0, z: 0}
  m_LocalScale: {x: 1, y: 1, z: 1}
  m_Children:
  - {fileID: 1837447327845674705}
  - {fileID: 450590670821389434}
  - {fileID: 4572056751458036756}
  m_Father: {fileID: 8428874823671799734}
  m_RootOrder: 0
  m_LocalEulerAnglesHint: {x: 0, y: 0, z: 0}
--- !u!1 &4492863927543940672
GameObject:
  m_ObjectHideFlags: 0
  m_CorrespondingSourceObject: {fileID: 0}
  m_PrefabInstance: {fileID: 0}
  m_PrefabAsset: {fileID: 0}
  serializedVersion: 6
  m_Component:
  - component: {fileID: 8106395082070492614}
  - component: {fileID: 4771834342869213669}
  - component: {fileID: 7013445578649979624}
  m_Layer: 8
  m_Name: FillHint(Clone)
  m_TagString: Untagged
  m_Icon: {fileID: 0}
  m_NavMeshLayer: 0
  m_StaticEditorFlags: 0
  m_IsActive: 0
--- !u!4 &8106395082070492614
Transform:
  m_ObjectHideFlags: 0
  m_CorrespondingSourceObject: {fileID: 0}
  m_PrefabInstance: {fileID: 0}
  m_PrefabAsset: {fileID: 0}
  m_GameObject: {fileID: 4492863927543940672}
  m_LocalRotation: {x: 0, y: 0, z: 0, w: 1}
  m_LocalPosition: {x: 0, y: 0, z: 0}
  m_LocalScale: {x: 3.735, y: 3.735, z: 1}
  m_Children:
  - {fileID: 6937646164170021166}
  m_Father: {fileID: 2590605574385291590}
  m_RootOrder: 1
  m_LocalEulerAnglesHint: {x: 0, y: 0, z: 0}
--- !u!23 &4771834342869213669
MeshRenderer:
  m_ObjectHideFlags: 0
  m_CorrespondingSourceObject: {fileID: 0}
  m_PrefabInstance: {fileID: 0}
  m_PrefabAsset: {fileID: 0}
  m_GameObject: {fileID: 4492863927543940672}
  m_Enabled: 1
  m_CastShadows: 0
  m_ReceiveShadows: 1
  m_DynamicOccludee: 1
  m_MotionVectors: 1
  m_LightProbeUsage: 1
  m_ReflectionProbeUsage: 1
  m_RayTracingMode: 2
  m_RayTraceProcedural: 0
  m_RenderingLayerMask: 1
  m_RendererPriority: 0
  m_Materials:
  - {fileID: 0}
  m_StaticBatchInfo:
    firstSubMesh: 0
    subMeshCount: 0
  m_StaticBatchRoot: {fileID: 0}
  m_ProbeAnchor: {fileID: 0}
  m_LightProbeVolumeOverride: {fileID: 0}
  m_ScaleInLightmap: 1
  m_ReceiveGI: 1
  m_PreserveUVs: 0
  m_IgnoreNormalsForChartDetection: 0
  m_ImportantGI: 0
  m_StitchLightmapSeams: 0
  m_SelectedEditorRenderState: 3
  m_MinimumChartSize: 4
  m_AutoUVMaxDistance: 0.5
  m_AutoUVMaxAngle: 89
  m_LightmapParameters: {fileID: 0}
  m_SortingLayerID: 0
  m_SortingLayer: 0
  m_SortingOrder: 0
  m_AdditionalVertexStreams: {fileID: 0}
--- !u!33 &7013445578649979624
MeshFilter:
  m_ObjectHideFlags: 0
  m_CorrespondingSourceObject: {fileID: 0}
  m_PrefabInstance: {fileID: 0}
  m_PrefabAsset: {fileID: 0}
  m_GameObject: {fileID: 4492863927543940672}
  m_Mesh: {fileID: 10210, guid: 0000000000000000e000000000000000, type: 0}
--- !u!1 &5944028837985586998
GameObject:
  m_ObjectHideFlags: 0
  m_CorrespondingSourceObject: {fileID: 0}
  m_PrefabInstance: {fileID: 0}
  m_PrefabAsset: {fileID: 0}
  serializedVersion: 6
  m_Component:
  - component: {fileID: 6937646164170021166}
  - component: {fileID: 8647543589407387187}
  - component: {fileID: 3462669006323522162}
  - component: {fileID: 8088303072329463713}
  - component: {fileID: 2470508268092302134}
  - component: {fileID: 2601949258603958116}
  m_Layer: 8
  m_Name: Dashed
  m_TagString: Untagged
  m_Icon: {fileID: 0}
  m_NavMeshLayer: 0
  m_StaticEditorFlags: 0
  m_IsActive: 1
--- !u!4 &6937646164170021166
Transform:
  m_ObjectHideFlags: 0
  m_CorrespondingSourceObject: {fileID: 0}
  m_PrefabInstance: {fileID: 0}
  m_PrefabAsset: {fileID: 0}
  m_GameObject: {fileID: 5944028837985586998}
  m_LocalRotation: {x: -0, y: -0, z: -0, w: 1}
  m_LocalPosition: {x: 0, y: 0, z: -0.005}
  m_LocalScale: {x: 1.1111112, y: 1.1111112, z: 1.111111}
  m_Children: []
  m_Father: {fileID: 8106395082070492614}
  m_RootOrder: 0
  m_LocalEulerAnglesHint: {x: 0, y: 0, z: 0}
--- !u!212 &8647543589407387187
SpriteRenderer:
  m_ObjectHideFlags: 0
  m_CorrespondingSourceObject: {fileID: 0}
  m_PrefabInstance: {fileID: 0}
  m_PrefabAsset: {fileID: 0}
  m_GameObject: {fileID: 5944028837985586998}
  m_Enabled: 0
  m_CastShadows: 0
  m_ReceiveShadows: 0
  m_DynamicOccludee: 1
  m_MotionVectors: 1
  m_LightProbeUsage: 1
  m_ReflectionProbeUsage: 1
  m_RayTracingMode: 0
  m_RayTraceProcedural: 0
  m_RenderingLayerMask: 1
  m_RendererPriority: 0
  m_Materials:
  - {fileID: 10754, guid: 0000000000000000f000000000000000, type: 0}
  m_StaticBatchInfo:
    firstSubMesh: 0
    subMeshCount: 0
  m_StaticBatchRoot: {fileID: 0}
  m_ProbeAnchor: {fileID: 0}
  m_LightProbeVolumeOverride: {fileID: 0}
  m_ScaleInLightmap: 1
  m_ReceiveGI: 1
  m_PreserveUVs: 0
  m_IgnoreNormalsForChartDetection: 0
  m_ImportantGI: 0
  m_StitchLightmapSeams: 0
  m_SelectedEditorRenderState: 0
  m_MinimumChartSize: 4
  m_AutoUVMaxDistance: 0.5
  m_AutoUVMaxAngle: 89
  m_LightmapParameters: {fileID: 0}
  m_SortingLayerID: 0
  m_SortingLayer: 0
  m_SortingOrder: 0
  m_Sprite: {fileID: 0}
  m_Color: {r: 0.09301448, g: 1, b: 0, a: 1}
  m_FlipX: 0
  m_FlipY: 0
  m_DrawMode: 0
  m_Size: {x: 10.24, y: 10.24}
  m_AdaptiveModeThreshold: 0.5
  m_SpriteTileMode: 0
  m_WasSpriteAssigned: 0
  m_MaskInteraction: 0
  m_SpriteSortPoint: 0
--- !u!114 &3462669006323522162
MonoBehaviour:
  m_ObjectHideFlags: 0
  m_CorrespondingSourceObject: {fileID: 0}
  m_PrefabInstance: {fileID: 0}
  m_PrefabAsset: {fileID: 0}
  m_GameObject: {fileID: 5944028837985586998}
  m_Enabled: 1
  m_EditorHideFlags: 0
  m_Script: {fileID: 11500000, guid: 83e3d7918200cb04cb6da5641caaea2f, type: 3}
  m_Name: 
  m_EditorClassIdentifier: 
  lineRenderer: {fileID: 8088303072329463713}
  normalColor: {r: 0.09411766, g: 1, b: 0.175, a: 1}
  brightColor: {r: 0.7055256, g: 1, b: 0.6745283, a: 1}
--- !u!120 &8088303072329463713
LineRenderer:
  m_ObjectHideFlags: 0
  m_CorrespondingSourceObject: {fileID: 0}
  m_PrefabInstance: {fileID: 0}
  m_PrefabAsset: {fileID: 0}
  m_GameObject: {fileID: 5944028837985586998}
  m_Enabled: 1
  m_CastShadows: 0
  m_ReceiveShadows: 0
  m_DynamicOccludee: 0
  m_MotionVectors: 0
  m_LightProbeUsage: 0
  m_ReflectionProbeUsage: 0
  m_RayTracingMode: 0
  m_RayTraceProcedural: 0
  m_RenderingLayerMask: 1
  m_RendererPriority: 0
  m_Materials:
  - {fileID: 2100000, guid: 9e2364066735e264cb16f9af7394fdf7, type: 2}
  m_StaticBatchInfo:
    firstSubMesh: 0
    subMeshCount: 0
  m_StaticBatchRoot: {fileID: 0}
  m_ProbeAnchor: {fileID: 0}
  m_LightProbeVolumeOverride: {fileID: 0}
  m_ScaleInLightmap: 1
  m_ReceiveGI: 1
  m_PreserveUVs: 0
  m_IgnoreNormalsForChartDetection: 0
  m_ImportantGI: 0
  m_StitchLightmapSeams: 0
  m_SelectedEditorRenderState: 3
  m_MinimumChartSize: 4
  m_AutoUVMaxDistance: 0.5
  m_AutoUVMaxAngle: 89
  m_LightmapParameters: {fileID: 0}
  m_SortingLayerID: 0
  m_SortingLayer: 0
  m_SortingOrder: 0
  m_Positions:
  - {x: 0.06640625, y: -0.4296875, z: 0}
  - {x: 0.08496094, y: -0.4267578, z: 0}
  - {x: 0.10839844, y: -0.421875, z: 0}
  - {x: 0.12207031, y: -0.4189453, z: 0}
  - {x: 0.12988281, y: -0.41503906, z: 0}
  - {x: 0.14355469, y: -0.41015625, z: 0}
  - {x: 0.16308594, y: -0.40234375, z: 0}
  - {x: 0.171875, y: -0.3984375, z: 0}
  - {x: 0.18847656, y: -0.390625, z: 0}
  - {x: 0.21875, y: -0.375, z: 0}
  - {x: 0.2265625, y: -0.36914062, z: 0}
  - {x: 0.23535156, y: -0.3642578, z: 0}
  - {x: 0.25097656, y: -0.3544922, z: 0}
  - {x: 0.26953125, y: -0.33984375, z: 0}
  - {x: 0.27734375, y: -0.33203125, z: 0}
  - {x: 0.2890625, y: -0.32226562, z: 0}
  - {x: 0.31835938, y: -0.29296875, z: 0}
  - {x: 0.33691406, y: -0.27246094, z: 0}
  - {x: 0.3486328, y: -0.25683594, z: 0}
  - {x: 0.35839844, y: -0.2421875, z: 0}
  - {x: 0.3642578, y: -0.23242188, z: 0}
  - {x: 0.3720703, y: -0.22070312, z: 0}
  - {x: 0.37890625, y: -0.20800781, z: 0}
  - {x: 0.39453125, y: -0.17578125, z: 0}
  - {x: 0.4013672, y: -0.16015625, z: 0}
  - {x: 0.40722656, y: -0.14550781, z: 0}
  - {x: 0.41210938, y: -0.13378906, z: 0}
  - {x: 0.41601562, y: -0.11816406, z: 0}
  - {x: 0.41992188, y: -0.11035156, z: 0}
  - {x: 0.42382812, y: -0.09472656, z: 0}
  - {x: 0.4248047, y: -0.08203125, z: 0}
  - {x: 0.4267578, y: -0.068359375, z: 0}
  - {x: 0.42871094, y: -0.05078125, z: 0}
  - {x: 0.4296875, y: -0.03515625, z: 0}
  - {x: 0.43066406, y: -0.026367188, z: 0}
  - {x: 0.43066406, y: 0.026367188, z: 0}
  - {x: 0.4296875, y: 0.03515625, z: 0}
  - {x: 0.42871094, y: 0.051757812, z: 0}
  - {x: 0.42773438, y: 0.05859375, z: 0}
  - {x: 0.4267578, y: 0.068359375, z: 0}
  - {x: 0.4248047, y: 0.07910156, z: 0}
  - {x: 0.42285156, y: 0.09277344, z: 0}
  - {x: 0.42089844, y: 0.10253906, z: 0}
  - {x: 0.4189453, y: 0.11035156, z: 0}
  - {x: 0.41503906, y: 0.12207031, z: 0}
  - {x: 0.4111328, y: 0.13476562, z: 0}
  - {x: 0.40429688, y: 0.15332031, z: 0}
  - {x: 0.40039062, y: 0.15917969, z: 0}
  - {x: 0.39941406, y: 0.16503906, z: 0}
  - {x: 0.39257812, y: 0.1796875, z: 0}
  - {x: 0.37890625, y: 0.20800781, z: 0}
  - {x: 0.37304688, y: 0.21875, z: 0}
  - {x: 0.36132812, y: 0.23828125, z: 0}
  - {x: 0.34960938, y: 0.25683594, z: 0}
  - {x: 0.3359375, y: 0.2734375, z: 0}
  - {x: 0.31835938, y: 0.29101562, z: 0}
  - {x: 0.31835938, y: 0.29296875, z: 0}
  - {x: 0.3125, y: 0.29882812, z: 0}
  - {x: 0.28808594, y: 0.32226562, z: 0}
  - {x: 0.27539062, y: 0.33496094, z: 0}
  - {x: 0.2685547, y: 0.3408203, z: 0}
  - {x: 0.25585938, y: 0.35058594, z: 0}
  - {x: 0.24609375, y: 0.35742188, z: 0}
  - {x: 0.22753906, y: 0.3701172, z: 0}
  - {x: 0.21289062, y: 0.3779297, z: 0}
  - {x: 0.20214844, y: 0.3828125, z: 0}
  - {x: 0.19628906, y: 0.3876953, z: 0}
  - {x: 0.18847656, y: 0.390625, z: 0}
  - {x: 0.17480469, y: 0.39648438, z: 0}
  - {x: 0.171875, y: 0.3984375, z: 0}
  - {x: 0.16503906, y: 0.4013672, z: 0}
  - {x: 0.14550781, y: 0.4091797, z: 0}
  - {x: 0.12890625, y: 0.41601562, z: 0}
  - {x: 0.111328125, y: 0.421875, z: 0}
  - {x: 0.09472656, y: 0.4248047, z: 0}
  - {x: 0.08496094, y: 0.4267578, z: 0}
  - {x: 0.07128906, y: 0.42871094, z: 0}
  - {x: 0.05859375, y: 0.43066406, z: 0}
  - {x: 0.040039062, y: 0.4326172, z: 0}
  - {x: -0.015625, y: 0.43359375, z: 0}
  - {x: -0.04296875, y: 0.4326172, z: 0}
  - {x: -0.05078125, y: 0.43164062, z: 0}
  - {x: -0.061523438, y: 0.43066406, z: 0}
  - {x: -0.087890625, y: 0.4267578, z: 0}
  - {x: -0.10644531, y: 0.42285156, z: 0}
  - {x: -0.119140625, y: 0.4189453, z: 0}
  - {x: -0.14941406, y: 0.4091797, z: 0}
  - {x: -0.16113281, y: 0.40429688, z: 0}
  - {x: -0.16796875, y: 0.4013672, z: 0}
  - {x: -0.18066406, y: 0.3955078, z: 0}
  - {x: -0.19140625, y: 0.390625, z: 0}
  - {x: -0.19921875, y: 0.38671875, z: 0}
  - {x: -0.21191406, y: 0.3798828, z: 0}
  - {x: -0.23046875, y: 0.3701172, z: 0}
  - {x: -0.24121094, y: 0.36132812, z: 0}
  - {x: -0.25585938, y: 0.35253906, z: 0}
  - {x: -0.26953125, y: 0.34277344, z: 0}
  - {x: -0.29101562, y: 0.32226562, z: 0}
  - {x: -0.32226562, y: 0.29101562, z: 0}
  - {x: -0.33203125, y: 0.28027344, z: 0}
  - {x: -0.34570312, y: 0.26464844, z: 0}
  - {x: -0.35253906, y: 0.25585938, z: 0}
  - {x: -0.36035156, y: 0.24414062, z: 0}
  - {x: -0.36816406, y: 0.23144531, z: 0}
  - {x: -0.3828125, y: 0.20605469, z: 0}
  - {x: -0.3955078, y: 0.18066406, z: 0}
  - {x: -0.39941406, y: 0.17089844, z: 0}
  - {x: -0.40722656, y: 0.15332031, z: 0}
  - {x: -0.4111328, y: 0.14160156, z: 0}
  - {x: -0.41503906, y: 0.13085938, z: 0}
  - {x: -0.42089844, y: 0.11230469, z: 0}
  - {x: -0.42578125, y: 0.09375, z: 0}
  - {x: -0.42773438, y: 0.080078125, z: 0}
  - {x: -0.4296875, y: 0.0703125, z: 0}
  - {x: -0.43164062, y: 0.05078125, z: 0}
  - {x: -0.4326172, y: 0.0390625, z: 0}
  - {x: -0.43359375, y: 0.028320312, z: 0}
  - {x: -0.43359375, y: -0.01953125, z: 0}
  - {x: -0.43164062, y: -0.021484375, z: 0}
  - {x: -0.43359375, y: -0.030273438, z: 0}
  - {x: -0.43359375, y: -0.03125, z: 0}
  - {x: -0.4326172, y: -0.0390625, z: 0}
  - {x: -0.43066406, y: -0.060546875, z: 0}
  - {x: -0.42773438, y: -0.080078125, z: 0}
  - {x: -0.4267578, y: -0.08691406, z: 0}
  - {x: -0.4248047, y: -0.1015625, z: 0}
  - {x: -0.41796875, y: -0.12109375, z: 0}
  - {x: -0.41503906, y: -0.13085938, z: 0}
  - {x: -0.41210938, y: -0.13867188, z: 0}
  - {x: -0.40820312, y: -0.14941406, z: 0}
  - {x: -0.39941406, y: -0.17089844, z: 0}
  - {x: -0.3955078, y: -0.17871094, z: 0}
  - {x: -0.3935547, y: -0.18652344, z: 0}
  - {x: -0.38964844, y: -0.19433594, z: 0}
  - {x: -0.3857422, y: -0.20117188, z: 0}
  - {x: -0.38085938, y: -0.20898438, z: 0}
  - {x: -0.36816406, y: -0.23144531, z: 0}
  - {x: -0.3642578, y: -0.23828125, z: 0}
  - {x: -0.359375, y: -0.24707031, z: 0}
  - {x: -0.3466797, y: -0.2626953, z: 0}
  - {x: -0.33691406, y: -0.27539062, z: 0}
  - {x: -0.32714844, y: -0.2841797, z: 0}
  - {x: -0.328125, y: -0.28710938, z: 0}
  - {x: -0.28710938, y: -0.32714844, z: 0}
  - {x: -0.2626953, y: -0.3466797, z: 0}
  - {x: -0.2529297, y: -0.35546875, z: 0}
  - {x: -0.24121094, y: -0.36328125, z: 0}
  - {x: -0.22558594, y: -0.3720703, z: 0}
  - {x: -0.20214844, y: -0.38476562, z: 0}
  - {x: -0.18652344, y: -0.39453125, z: 0}
  - {x: -0.16894531, y: -0.40039062, z: 0}
  - {x: -0.15820312, y: -0.40625, z: 0}
  - {x: -0.14257812, y: -0.4111328, z: 0}
  - {x: -0.12792969, y: -0.41601562, z: 0}
  - {x: -0.109375, y: -0.421875, z: 0}
  - {x: -0.095703125, y: -0.42578125, z: 0}
  - {x: -0.087890625, y: -0.4267578, z: 0}
  - {x: -0.06738281, y: -0.43066406, z: 0}
  - {x: -0.05078125, y: -0.43164062, z: 0}
  - {x: -0.040039062, y: -0.43359375, z: 0}
  - {x: 0.036132812, y: -0.43359375, z: 0}
  - {x: 0.047851562, y: -0.43164062, z: 0}
  m_Parameters:
    serializedVersion: 3
    widthMultiplier: 0.1
    widthCurve:
      serializedVersion: 2
      m_Curve:
      - serializedVersion: 3
        time: 0
        value: 1
        inSlope: 0
        outSlope: 0
        tangentMode: 0
        weightedMode: 0
        inWeight: 0.33333334
        outWeight: 0.33333334
      m_PreInfinity: 2
      m_PostInfinity: 2
      m_RotationOrder: 4
    colorGradient:
      serializedVersion: 2
      key0: {r: 1, g: 1, b: 1, a: 1}
      key1: {r: 1, g: 1, b: 1, a: 1}
      key2: {r: 0, g: 0, b: 0, a: 0}
      key3: {r: 0, g: 0, b: 0, a: 0}
      key4: {r: 0, g: 0, b: 0, a: 0}
      key5: {r: 0, g: 0, b: 0, a: 0}
      key6: {r: 0, g: 0, b: 0, a: 0}
      key7: {r: 0, g: 0, b: 0, a: 0}
      ctime0: 0
      ctime1: 65535
      ctime2: 0
      ctime3: 0
      ctime4: 0
      ctime5: 0
      ctime6: 0
      ctime7: 0
      atime0: 0
      atime1: 65535
      atime2: 0
      atime3: 0
      atime4: 0
      atime5: 0
      atime6: 0
      atime7: 0
      m_Mode: 0
      m_NumColorKeys: 2
      m_NumAlphaKeys: 2
    numCornerVertices: 0
    numCapVertices: 0
    alignment: 0
    textureMode: 0
    shadowBias: 0.5
    generateLightingData: 0
  m_UseWorldSpace: 0
  m_Loop: 1
--- !u!95 &2470508268092302134
Animator:
  serializedVersion: 3
  m_ObjectHideFlags: 0
  m_CorrespondingSourceObject: {fileID: 0}
  m_PrefabInstance: {fileID: 0}
  m_PrefabAsset: {fileID: 0}
  m_GameObject: {fileID: 5944028837985586998}
  m_Enabled: 1
  m_Avatar: {fileID: 0}
  m_Controller: {fileID: 9100000, guid: 919eea917cb97a74eb2d3d90843ad5f2, type: 2}
  m_CullingMode: 0
  m_UpdateMode: 0
  m_ApplyRootMotion: 0
  m_LinearVelocityBlending: 0
  m_WarningMessage: 
  m_HasTransformHierarchy: 1
  m_AllowConstantClipSamplingOptimization: 1
  m_KeepAnimatorControllerStateOnDisable: 0
--- !u!60 &2601949258603958116
PolygonCollider2D:
  m_ObjectHideFlags: 0
  m_CorrespondingSourceObject: {fileID: 0}
  m_PrefabInstance: {fileID: 0}
  m_PrefabAsset: {fileID: 0}
  m_GameObject: {fileID: 5944028837985586998}
  m_Enabled: 0
  m_Density: 1
  m_Material: {fileID: 0}
  m_IsTrigger: 0
  m_UsedByEffector: 0
  m_UsedByComposite: 0
  m_Offset: {x: 0, y: 0}
  m_SpriteTilingProperty:
    border: {x: 0, y: 0, z: 0, w: 0}
    pivot: {x: 0.5, y: 0.5}
    oldSize: {x: 1, y: 1}
    newSize: {x: 10.24, y: 10.24}
    adaptiveTilingThreshold: 0.5
    drawMode: 0
    adaptiveTiling: 0
  m_AutoTiling: 0
  m_Points:
    m_Paths:
    - - {x: 0.06640625, y: -0.4296875}
      - {x: 0.08496094, y: -0.4267578}
      - {x: 0.10839844, y: -0.421875}
      - {x: 0.12207031, y: -0.4189453}
      - {x: 0.12988281, y: -0.41503906}
      - {x: 0.14355469, y: -0.41015625}
      - {x: 0.16308594, y: -0.40234375}
      - {x: 0.171875, y: -0.3984375}
      - {x: 0.18847656, y: -0.390625}
      - {x: 0.21875, y: -0.375}
      - {x: 0.2265625, y: -0.36914062}
      - {x: 0.23535156, y: -0.3642578}
      - {x: 0.25097656, y: -0.3544922}
      - {x: 0.26953125, y: -0.33984375}
      - {x: 0.27734375, y: -0.33203125}
      - {x: 0.2890625, y: -0.32226562}
      - {x: 0.31835938, y: -0.29296875}
      - {x: 0.33691406, y: -0.27246094}
      - {x: 0.3486328, y: -0.25683594}
      - {x: 0.35839844, y: -0.2421875}
      - {x: 0.3642578, y: -0.23242188}
      - {x: 0.3720703, y: -0.22070312}
      - {x: 0.37890625, y: -0.20800781}
      - {x: 0.39453125, y: -0.17578125}
      - {x: 0.4013672, y: -0.16015625}
      - {x: 0.40722656, y: -0.14550781}
      - {x: 0.41210938, y: -0.13378906}
      - {x: 0.41601562, y: -0.11816406}
      - {x: 0.41992188, y: -0.11035156}
      - {x: 0.42382812, y: -0.09472656}
      - {x: 0.4248047, y: -0.08203125}
      - {x: 0.4267578, y: -0.068359375}
      - {x: 0.42871094, y: -0.05078125}
      - {x: 0.4296875, y: -0.03515625}
      - {x: 0.43066406, y: -0.026367188}
      - {x: 0.43066406, y: 0.026367188}
      - {x: 0.4296875, y: 0.03515625}
      - {x: 0.42871094, y: 0.051757812}
      - {x: 0.42773438, y: 0.05859375}
      - {x: 0.4267578, y: 0.068359375}
      - {x: 0.4248047, y: 0.07910156}
      - {x: 0.42285156, y: 0.09277344}
      - {x: 0.42089844, y: 0.10253906}
      - {x: 0.4189453, y: 0.11035156}
      - {x: 0.41503906, y: 0.12207031}
      - {x: 0.4111328, y: 0.13476562}
      - {x: 0.40429688, y: 0.15332031}
      - {x: 0.40039062, y: 0.15917969}
      - {x: 0.39941406, y: 0.16503906}
      - {x: 0.39257812, y: 0.1796875}
      - {x: 0.37890625, y: 0.20800781}
      - {x: 0.37304688, y: 0.21875}
      - {x: 0.36132812, y: 0.23828125}
      - {x: 0.34960938, y: 0.25683594}
      - {x: 0.3359375, y: 0.2734375}
      - {x: 0.31835938, y: 0.29101562}
      - {x: 0.31835938, y: 0.29296875}
      - {x: 0.3125, y: 0.29882812}
      - {x: 0.28808594, y: 0.32226562}
      - {x: 0.27539062, y: 0.33496094}
      - {x: 0.2685547, y: 0.3408203}
      - {x: 0.25585938, y: 0.35058594}
      - {x: 0.24609375, y: 0.35742188}
      - {x: 0.22753906, y: 0.3701172}
      - {x: 0.21289062, y: 0.3779297}
      - {x: 0.20214844, y: 0.3828125}
      - {x: 0.19628906, y: 0.3876953}
      - {x: 0.18847656, y: 0.390625}
      - {x: 0.17480469, y: 0.39648438}
      - {x: 0.171875, y: 0.3984375}
      - {x: 0.16503906, y: 0.4013672}
      - {x: 0.14550781, y: 0.4091797}
      - {x: 0.12890625, y: 0.41601562}
      - {x: 0.111328125, y: 0.421875}
      - {x: 0.09472656, y: 0.4248047}
      - {x: 0.08496094, y: 0.4267578}
      - {x: 0.07128906, y: 0.42871094}
      - {x: 0.05859375, y: 0.43066406}
      - {x: 0.040039062, y: 0.4326172}
      - {x: -0.015625, y: 0.43359375}
      - {x: -0.04296875, y: 0.4326172}
      - {x: -0.05078125, y: 0.43164062}
      - {x: -0.061523438, y: 0.43066406}
      - {x: -0.087890625, y: 0.4267578}
      - {x: -0.10644531, y: 0.42285156}
      - {x: -0.119140625, y: 0.4189453}
      - {x: -0.14941406, y: 0.4091797}
      - {x: -0.16113281, y: 0.40429688}
      - {x: -0.16796875, y: 0.4013672}
      - {x: -0.18066406, y: 0.3955078}
      - {x: -0.19140625, y: 0.390625}
      - {x: -0.19921875, y: 0.38671875}
      - {x: -0.21191406, y: 0.3798828}
      - {x: -0.23046875, y: 0.3701172}
      - {x: -0.24121094, y: 0.36132812}
      - {x: -0.25585938, y: 0.35253906}
      - {x: -0.26953125, y: 0.34277344}
      - {x: -0.29101562, y: 0.32226562}
      - {x: -0.32226562, y: 0.29101562}
      - {x: -0.33203125, y: 0.28027344}
      - {x: -0.34570312, y: 0.26464844}
      - {x: -0.35253906, y: 0.25585938}
      - {x: -0.36035156, y: 0.24414062}
      - {x: -0.36816406, y: 0.23144531}
      - {x: -0.3828125, y: 0.20605469}
      - {x: -0.3955078, y: 0.18066406}
      - {x: -0.39941406, y: 0.17089844}
      - {x: -0.40722656, y: 0.15332031}
      - {x: -0.4111328, y: 0.14160156}
      - {x: -0.41503906, y: 0.13085938}
      - {x: -0.42089844, y: 0.11230469}
      - {x: -0.42578125, y: 0.09375}
      - {x: -0.42773438, y: 0.080078125}
      - {x: -0.4296875, y: 0.0703125}
      - {x: -0.43164062, y: 0.05078125}
      - {x: -0.4326172, y: 0.0390625}
      - {x: -0.43359375, y: 0.028320312}
      - {x: -0.43359375, y: -0.01953125}
      - {x: -0.43164062, y: -0.021484375}
      - {x: -0.43359375, y: -0.030273438}
      - {x: -0.43359375, y: -0.03125}
      - {x: -0.4326172, y: -0.0390625}
      - {x: -0.43066406, y: -0.060546875}
      - {x: -0.42773438, y: -0.080078125}
      - {x: -0.4267578, y: -0.08691406}
      - {x: -0.4248047, y: -0.1015625}
      - {x: -0.41796875, y: -0.12109375}
      - {x: -0.41503906, y: -0.13085938}
      - {x: -0.41210938, y: -0.13867188}
      - {x: -0.40820312, y: -0.14941406}
      - {x: -0.39941406, y: -0.17089844}
      - {x: -0.3955078, y: -0.17871094}
      - {x: -0.3935547, y: -0.18652344}
      - {x: -0.38964844, y: -0.19433594}
      - {x: -0.3857422, y: -0.20117188}
      - {x: -0.38085938, y: -0.20898438}
      - {x: -0.36816406, y: -0.23144531}
      - {x: -0.3642578, y: -0.23828125}
      - {x: -0.359375, y: -0.24707031}
      - {x: -0.3466797, y: -0.2626953}
      - {x: -0.33691406, y: -0.27539062}
      - {x: -0.32714844, y: -0.2841797}
      - {x: -0.328125, y: -0.28710938}
      - {x: -0.28710938, y: -0.32714844}
      - {x: -0.2626953, y: -0.3466797}
      - {x: -0.2529297, y: -0.35546875}
      - {x: -0.24121094, y: -0.36328125}
      - {x: -0.22558594, y: -0.3720703}
      - {x: -0.20214844, y: -0.38476562}
      - {x: -0.18652344, y: -0.39453125}
      - {x: -0.16894531, y: -0.40039062}
      - {x: -0.15820312, y: -0.40625}
      - {x: -0.14257812, y: -0.4111328}
      - {x: -0.12792969, y: -0.41601562}
      - {x: -0.109375, y: -0.421875}
      - {x: -0.095703125, y: -0.42578125}
      - {x: -0.087890625, y: -0.4267578}
      - {x: -0.06738281, y: -0.43066406}
      - {x: -0.05078125, y: -0.43164062}
      - {x: -0.040039062, y: -0.43359375}
      - {x: 0.036132812, y: -0.43359375}
      - {x: 0.047851562, y: -0.43164062}
--- !u!1 &6004219823445395135
GameObject:
  m_ObjectHideFlags: 0
  m_CorrespondingSourceObject: {fileID: 0}
  m_PrefabInstance: {fileID: 0}
  m_PrefabAsset: {fileID: 0}
  serializedVersion: 6
  m_Component:
  - component: {fileID: 3949099539620166027}
  - component: {fileID: 5998878522860090903}
  m_Layer: 0
  m_Name: tuan_mirror_03
  m_TagString: Untagged
  m_Icon: {fileID: 0}
  m_NavMeshLayer: 0
  m_StaticEditorFlags: 0
  m_IsActive: 1
--- !u!4 &3949099539620166027
Transform:
  m_ObjectHideFlags: 0
  m_CorrespondingSourceObject: {fileID: 0}
  m_PrefabInstance: {fileID: 0}
  m_PrefabAsset: {fileID: 0}
  m_GameObject: {fileID: 6004219823445395135}
  m_LocalRotation: {x: 0, y: 0, z: 0, w: 1}
  m_LocalPosition: {x: 0, y: 0, z: 0}
  m_LocalScale: {x: 1, y: 1, z: 1}
  m_Children:
  - {fileID: 8795753435147942585}
  - {fileID: 6486238112813185337}
  - {fileID: 7110448944866852453}
  m_Father: {fileID: 0}
  m_RootOrder: 0
  m_LocalEulerAnglesHint: {x: 0, y: 0, z: 0}
--- !u!114 &5998878522860090903
MonoBehaviour:
  m_ObjectHideFlags: 0
  m_CorrespondingSourceObject: {fileID: 0}
  m_PrefabInstance: {fileID: 0}
  m_PrefabAsset: {fileID: 0}
  m_GameObject: {fileID: 6004219823445395135}
  m_Enabled: 1
  m_EditorHideFlags: 0
  m_Script: {fileID: 11500000, guid: f522867c3f9eb3e4bb325c968c25314e, type: 3}
  m_Name: 
  m_EditorClassIdentifier: 
  layers:
  - {fileID: 661258872468453544}
  backgroundColor: {r: 0.93333334, g: 0.6862745, b: 0.14509805, a: 1}
  glitterStroke: 0
  glitterCake: 0
  newPreview: 0
  strokeRate: 0.5
  sprinkleRate: 0.5
  diskColor: {r: 1, g: 0.854902, b: 0.6745098, a: 1}
  type: 0
  previewCameraTransform: {fileID: 6486238112813185337}
  previewCameraSize: 2
  finishCameraTransform: {fileID: 8795753435147942585}
  previewScale: 1
  specialStroke: 0
  specialFill: 0
--- !u!1 &6784641062321570794
GameObject:
  m_ObjectHideFlags: 0
  m_CorrespondingSourceObject: {fileID: 0}
  m_PrefabInstance: {fileID: 0}
  m_PrefabAsset: {fileID: 0}
  serializedVersion: 6
  m_Component:
  - component: {fileID: 450590670821389434}
  - component: {fileID: 592220489179091994}
  m_Layer: 8
  m_Name: Option_001
  m_TagString: Untagged
  m_Icon: {fileID: 0}
  m_NavMeshLayer: 0
  m_StaticEditorFlags: 0
  m_IsActive: 1
--- !u!4 &450590670821389434
Transform:
  m_ObjectHideFlags: 0
  m_CorrespondingSourceObject: {fileID: 0}
  m_PrefabInstance: {fileID: 0}
  m_PrefabAsset: {fileID: 0}
  m_GameObject: {fileID: 6784641062321570794}
  m_LocalRotation: {x: -0, y: -0, z: -0, w: 1}
  m_LocalPosition: {x: 0, y: 0, z: 0}
  m_LocalScale: {x: 1, y: 1, z: 1}
  m_Children: []
  m_Father: {fileID: 5517455593605271979}
  m_RootOrder: 1
  m_LocalEulerAnglesHint: {x: 0, y: 0, z: 0}
--- !u!114 &592220489179091994
MonoBehaviour:
  m_ObjectHideFlags: 0
  m_CorrespondingSourceObject: {fileID: 0}
  m_PrefabInstance: {fileID: 0}
  m_PrefabAsset: {fileID: 0}
  m_GameObject: {fileID: 6784641062321570794}
  m_Enabled: 0
  m_EditorHideFlags: 0
  m_Script: {fileID: 11500000, guid: 552fb6fa4deaccb46ba7fa59819fc06a, type: 3}
  m_Name: 
  m_EditorClassIdentifier: 
  special: 0
  objects:
  - {fileID: 114999578554622652, guid: 7149525ff14343f44ba3f69fb9c1c37b, type: 3}
  - {fileID: 2647852329520218456, guid: 8d4f907bba59f6e42b73731e08670013, type: 3}
  objectSizeX:
    serializedVersion: 2
    m_Curve:
    - serializedVersion: 3
      time: 0.046334833
      value: 0.104266785
      inSlope: 0
      outSlope: 0
      tangentMode: 0
      weightedMode: 3
      inWeight: 0
      outWeight: 0
    - serializedVersion: 3
      time: 1.0463349
      value: 0.114266776
      inSlope: 0
      outSlope: 0
      tangentMode: 0
      weightedMode: 3
      inWeight: 0
      outWeight: 0
    m_PreInfinity: 2
    m_PostInfinity: 2
    m_RotationOrder: 4
  objectSizeY:
    serializedVersion: 2
    m_Curve:
    - serializedVersion: 3
      time: 0.046334833
      value: 0.104266785
      inSlope: 0
      outSlope: 0
      tangentMode: 0
      weightedMode: 3
      inWeight: 0
      outWeight: 0
    - serializedVersion: 3
      time: 1.0463349
      value: 0.114266776
      inSlope: 0
      outSlope: 0
      tangentMode: 0
      weightedMode: 3
      inWeight: 0
      outWeight: 0
    m_PreInfinity: 2
    m_PostInfinity: 2
    m_RotationOrder: 4
  objectSizeZ:
    serializedVersion: 2
    m_Curve:
    - serializedVersion: 3
      time: 0.046334833
      value: 0.104266785
      inSlope: 0
      outSlope: 0
      tangentMode: 0
      weightedMode: 3
      inWeight: 0
      outWeight: 0
    - serializedVersion: 3
      time: 1.0463349
      value: 0.114266776
      inSlope: 0
      outSlope: 0
      tangentMode: 0
      weightedMode: 3
      inWeight: 0
      outWeight: 0
    m_PreInfinity: 2
    m_PostInfinity: 2
    m_RotationOrder: 4
  rotationX:
    serializedVersion: 2
    m_Curve:
    - serializedVersion: 3
      time: 0
      value: 0
      inSlope: 0
      outSlope: 0
      tangentMode: 0
      weightedMode: 3
      inWeight: 0
      outWeight: 0
    - serializedVersion: 3
      time: 1
      value: 0
      inSlope: 0
      outSlope: 0
      tangentMode: 0
      weightedMode: 3
      inWeight: 0
      outWeight: 0
    m_PreInfinity: 2
    m_PostInfinity: 2
    m_RotationOrder: 4
  rotationY:
    serializedVersion: 2
    m_Curve:
    - serializedVersion: 3
      time: 0
      value: 0
      inSlope: 0
      outSlope: 0
      tangentMode: 0
      weightedMode: 3
      inWeight: 0
      outWeight: 0
    - serializedVersion: 3
      time: 1
      value: 0
      inSlope: 0
      outSlope: 0
      tangentMode: 0
      weightedMode: 3
      inWeight: 0
      outWeight: 0
    m_PreInfinity: 2
    m_PostInfinity: 2
    m_RotationOrder: 4
  rotationZ:
    serializedVersion: 2
    m_Curve:
    - serializedVersion: 3
      time: 0
      value: 0
      inSlope: 0
      outSlope: 0
      tangentMode: 0
      weightedMode: 3
      inWeight: 0
      outWeight: 0
    - serializedVersion: 3
      time: 1
      value: 360
      inSlope: 0
      outSlope: 0
      tangentMode: 0
      weightedMode: 3
      inWeight: 0
      outWeight: 0
    m_PreInfinity: 2
    m_PostInfinity: 2
    m_RotationOrder: 4
  color:
    serializedVersion: 2
    key0: {r: 0.5882353, g: 1, b: 0.728283, a: 1}
    key1: {r: 0.22068381, g: 1, b: 0, a: 1}
    key2: {r: 1, g: 0.9160186, b: 0, a: 0}
    key3: {r: 1, g: 0.9160186, b: 0, a: 0}
    key4: {r: 0.62513065, g: 0.07843137, b: 1, a: 0}
    key5: {r: 1, g: 0.07843137, b: 0.46137494, a: 0}
    key6: {r: 1, g: 0.8209606, b: 0.07843137, a: 0}
    key7: {r: 0, g: 0, b: 0, a: 0}
    ctime0: 193
    ctime1: 22745
    ctime2: 65535
    ctime3: 65535
    ctime4: 49151
    ctime5: 57054
    ctime6: 64571
    ctime7: 0
    atime0: 0
    atime1: 65535
    atime2: 0
    atime3: 0
    atime4: 0
    atime5: 0
    atime6: 0
    atime7: 0
    m_Mode: 0
    m_NumColorKeys: 3
    m_NumAlphaKeys: 2
  spacing: 0.205
  radius: 0.89
  count: 3
  sprinklePreviewType: 2
--- !u!1 &7016536268956198393
GameObject:
  m_ObjectHideFlags: 0
  m_CorrespondingSourceObject: {fileID: 0}
  m_PrefabInstance: {fileID: 0}
  m_PrefabAsset: {fileID: 0}
  serializedVersion: 6
  m_Component:
  - component: {fileID: 8795753435147942585}
  m_Layer: 0
  m_Name: finishCameraTransform
  m_TagString: Untagged
  m_Icon: {fileID: 0}
  m_NavMeshLayer: 0
  m_StaticEditorFlags: 0
  m_IsActive: 1
--- !u!4 &8795753435147942585
Transform:
  m_ObjectHideFlags: 0
  m_CorrespondingSourceObject: {fileID: 0}
  m_PrefabInstance: {fileID: 0}
  m_PrefabAsset: {fileID: 0}
  m_GameObject: {fileID: 7016536268956198393}
  m_LocalRotation: {x: 0.5, y: 0, z: 0, w: 0.8660254}
  m_LocalPosition: {x: 0, y: 6.6, z: -3.6}
  m_LocalScale: {x: 1, y: 1, z: 1}
  m_Children: []
  m_Father: {fileID: 3949099539620166027}
  m_RootOrder: 0
  m_LocalEulerAnglesHint: {x: 0, y: 0, z: 0}
--- !u!1 &7293662625109369827
GameObject:
  m_ObjectHideFlags: 0
  m_CorrespondingSourceObject: {fileID: 0}
  m_PrefabInstance: {fileID: 0}
  m_PrefabAsset: {fileID: 0}
  serializedVersion: 6
  m_Component:
  - component: {fileID: 6361358772366599490}
  - component: {fileID: 6663882575249673586}
  - component: {fileID: 2507428433507343886}
  - component: {fileID: 2050330539766408610}
  m_Layer: 8
  m_Name: Stroke Manual 0_001
  m_TagString: Untagged
  m_Icon: {fileID: 0}
  m_NavMeshLayer: 0
  m_StaticEditorFlags: 0
  m_IsActive: 1
--- !u!4 &6361358772366599490
Transform:
  m_ObjectHideFlags: 0
  m_CorrespondingSourceObject: {fileID: 0}
  m_PrefabInstance: {fileID: 0}
  m_PrefabAsset: {fileID: 0}
  m_GameObject: {fileID: 7293662625109369827}
  m_LocalRotation: {x: 0, y: 0, z: 0, w: 1}
  m_LocalPosition: {x: -0.937, y: 0.021, z: -0}
  m_LocalScale: {x: 0.22535327, y: 0.22535327, z: 0.22535327}
  m_Children: []
  m_Father: {fileID: 1982909142942130538}
  m_RootOrder: 5
  m_LocalEulerAnglesHint: {x: 0, y: 0, z: 0}
--- !u!114 &6663882575249673586
MonoBehaviour:
  m_ObjectHideFlags: 0
  m_CorrespondingSourceObject: {fileID: 0}
  m_PrefabInstance: {fileID: 0}
  m_PrefabAsset: {fileID: 0}
  m_GameObject: {fileID: 7293662625109369827}
  m_Enabled: 1
  m_EditorHideFlags: 0
  m_Script: {fileID: 11500000, guid: 5120595cb07379d488e526d799bc1e6d, type: 3}
  m_Name: 
  m_EditorClassIdentifier: 
  path: {fileID: 2050330539766408610}
  sections:
  - weight: 1
    colors: 02000000
  options:
  - colors:
    - {r: 0.105882354, g: 0.75501674, b: 0.92156863, a: 1}
    gradient: 0
  - colors:
    - {r: 0.9843137, g: 0.28235295, b: 0.56424224, a: 1}
    gradient: 0
  - colors:
    - {r: 0.6569321, g: 0.972549, b: 0.22352937, a: 1}
    gradient: 0
  - colors:
    - {r: 0.5993331, g: 0.399, b: 1, a: 1}
    gradient: 0
  brush: {fileID: 2507428433507343886}
  material: {fileID: 2100000, guid: 108036d14a7415f4b95df06c69a79ceb, type: 2}
--- !u!114 &2507428433507343886
MonoBehaviour:
  m_ObjectHideFlags: 0
  m_CorrespondingSourceObject: {fileID: 0}
  m_PrefabInstance: {fileID: 0}
  m_PrefabAsset: {fileID: 0}
  m_GameObject: {fileID: 7293662625109369827}
  m_Enabled: 1
  m_EditorHideFlags: 0
  m_Script: {fileID: 11500000, guid: f6202143f93329f4596fcd4f38f4496e, type: 3}
  m_Name: 
  m_EditorClassIdentifier: 
  tip: {fileID: 4760252478746094373, guid: b72e6a18647e9bf4ea30f272a119c269, type: 3}
  size:
    serializedVersion: 2
    m_Curve:
    - serializedVersion: 3
      time: 0
      value: 0.2
      inSlope: 0
      outSlope: 0
      tangentMode: 0
      weightedMode: 3
      inWeight: 0
      outWeight: 0
    - serializedVersion: 3
      time: 4.9051666
      value: 0.32310432
      inSlope: 0
      outSlope: 0
      tangentMode: 0
      weightedMode: 3
      inWeight: 0
      outWeight: 0
    m_PreInfinity: 2
    m_PostInfinity: 2
    m_RotationOrder: 4
  twist: 0.5
--- !u!114 &2050330539766408610
MonoBehaviour:
  m_ObjectHideFlags: 0
  m_CorrespondingSourceObject: {fileID: 0}
  m_PrefabInstance: {fileID: 0}
  m_PrefabAsset: {fileID: 0}
  m_GameObject: {fileID: 7293662625109369827}
  m_Enabled: 1
  m_EditorHideFlags: 0
  m_Script: {fileID: 11500000, guid: c25f2c3c6d52ab744a70ac080b3e3958, type: 3}
  m_Name: 
  m_EditorClassIdentifier: 
  svgPoints:
  - x: -1.130025086185423
    y: 0.8797673437905287
  - x: -0.6127227287417492
    y: 1.387792689693875
  - x: 0.1395966252544405
    y: 1.5
  - x: 0.6873804764893532
    y: 1.1814901692141573
  - x: 1.065969785998453
    y: 0.961493109749861
  - x: 1.340303499749222
    y: 0.5400529633463697
  - x: 1.3672508906961738
    y: 0.06471791708601562
  - x: 1.372110263675356
    y: -0.02054198542130617
  - x: 1.3941983216662723
    y: -0.5683258535080701
  - x: 0.967898785958368
    y: -0.9879989653412693
  - x: 0.44750394528520704
    y: -1.5
  - x: -0.26019736872778587
    y: -1.3493595487622472
  - x: -0.31762632087338155
    y: -1.3361067136517253
  - x: -0.4757768164885748
    y: -1.2994405356700216
  - x: -1.1198646331932802
    y: -1.121410791602008
  - x: -1.2921514896300672
    y: -0.5104551132291616
  - x: -1.3941983216662723
    y: -0.14909446240077856
  - x: -1.3102636971931512
    y: 0.29266670794995747
  - x: -1.0045649744724787
    y: 0.5811367656704691
  - x: -0.6317185399557169
    y: 0.9323368960993043
  - x: -0.01767054687189645
    y: 0.9690030867198963
  - x: 0.36091883004460845
    y: 0.6747901371551954
  - x: 0.5694301058205261
    y: 0.5131055555475665
  - x: 0.7342070189909804
    y: 0.21624202884965038
  - x: 0.6666175464458367
    y: -0.09343251112177246
  - x: 0.6149314903573931
    y: -0.32977473725941625
  - x: 0.43778526357452574
    y: -0.5533058827161481
  - x: 0.18244731048217055
    y: -0.6301723330979168
  - x: -0.05610372150722688
    y: -0.7021794004947164
  - x: -0.4205566870465841
    y: -0.6650714659769211
  - x: -0.5477839175890771
    y: -0.4088499934929385
  - x: -0.630393259815035
    y: -0.24186427447073053
  - x: -0.616698661848977
    y: 0.0267265137321467
  - x: -0.42850840159437836
    y: 0.16146370439282376
  - x: -0.30039766219266495
    y: 0.2533500244554066
  - x: -0.12192614263022707
    y: 0.26085996772173936
  - x: 0.034457318414674
    y: 0.18531880801305978
  - x: 529.5999908447266
    y: 494.59998846054077
  svgCommands: 0100000004000000040000000400000004000000040000000400000004000000040000000400000004000000040000000400000004000000040000000400000004000000040000000400000004000000040000000400000004000000040000000400000004000000040000000400000004000000040000000400000004000000040000000400000004000000040000000400000000000000
  reverse: 0
  offset: 0
--- !u!1 &8690810829704530832
GameObject:
  m_ObjectHideFlags: 0
  m_CorrespondingSourceObject: {fileID: 0}
  m_PrefabInstance: {fileID: 0}
  m_PrefabAsset: {fileID: 0}
  serializedVersion: 6
  m_Component:
  - component: {fileID: 1837447327845674705}
  - component: {fileID: 2500774116682560386}
  m_Layer: 8
  m_Name: Option
  m_TagString: Untagged
  m_Icon: {fileID: 0}
  m_NavMeshLayer: 0
  m_StaticEditorFlags: 0
  m_IsActive: 1
--- !u!4 &1837447327845674705
Transform:
  m_ObjectHideFlags: 0
  m_CorrespondingSourceObject: {fileID: 0}
  m_PrefabInstance: {fileID: 0}
  m_PrefabAsset: {fileID: 0}
  m_GameObject: {fileID: 8690810829704530832}
  m_LocalRotation: {x: -0, y: -0, z: -0, w: 1}
  m_LocalPosition: {x: 0, y: 0, z: 0}
  m_LocalScale: {x: 1, y: 1, z: 1}
  m_Children: []
  m_Father: {fileID: 5517455593605271979}
  m_RootOrder: 0
  m_LocalEulerAnglesHint: {x: 0, y: 0, z: 0}
--- !u!114 &2500774116682560386
MonoBehaviour:
  m_ObjectHideFlags: 0
  m_CorrespondingSourceObject: {fileID: 0}
  m_PrefabInstance: {fileID: 0}
  m_PrefabAsset: {fileID: 0}
  m_GameObject: {fileID: 8690810829704530832}
  m_Enabled: 0
  m_EditorHideFlags: 0
  m_Script: {fileID: 11500000, guid: 552fb6fa4deaccb46ba7fa59819fc06a, type: 3}
  m_Name: 
  m_EditorClassIdentifier: 
  special: 0
  objects:
  - {fileID: 114999578554622652, guid: 7149525ff14343f44ba3f69fb9c1c37b, type: 3}
  - {fileID: 2647852329520218456, guid: 8d4f907bba59f6e42b73731e08670013, type: 3}
  objectSizeX:
    serializedVersion: 2
    m_Curve:
    - serializedVersion: 3
      time: 0.046334833
      value: 0.104266785
      inSlope: 0
      outSlope: 0
      tangentMode: 0
      weightedMode: 3
      inWeight: 0
      outWeight: 0
    - serializedVersion: 3
      time: 1.0463349
      value: 0.114266776
      inSlope: 0
      outSlope: 0
      tangentMode: 0
      weightedMode: 3
      inWeight: 0
      outWeight: 0
    m_PreInfinity: 2
    m_PostInfinity: 2
    m_RotationOrder: 4
  objectSizeY:
    serializedVersion: 2
    m_Curve:
    - serializedVersion: 3
      time: 0.046334833
      value: 0.104266785
      inSlope: 0
      outSlope: 0
      tangentMode: 0
      weightedMode: 3
      inWeight: 0
      outWeight: 0
    - serializedVersion: 3
      time: 1.0463349
      value: 0.114266776
      inSlope: 0
      outSlope: 0
      tangentMode: 0
      weightedMode: 3
      inWeight: 0
      outWeight: 0
    m_PreInfinity: 2
    m_PostInfinity: 2
    m_RotationOrder: 4
  objectSizeZ:
    serializedVersion: 2
    m_Curve:
    - serializedVersion: 3
      time: 0.046334833
      value: 0.104266785
      inSlope: 0
      outSlope: 0
      tangentMode: 0
      weightedMode: 3
      inWeight: 0
      outWeight: 0
    - serializedVersion: 3
      time: 1.0463349
      value: 0.114266776
      inSlope: 0
      outSlope: 0
      tangentMode: 0
      weightedMode: 3
      inWeight: 0
      outWeight: 0
    m_PreInfinity: 2
    m_PostInfinity: 2
    m_RotationOrder: 4
  rotationX:
    serializedVersion: 2
    m_Curve:
    - serializedVersion: 3
      time: 0
      value: 0
      inSlope: 0
      outSlope: 0
      tangentMode: 0
      weightedMode: 3
      inWeight: 0
      outWeight: 0
    - serializedVersion: 3
      time: 1
      value: 0
      inSlope: 0
      outSlope: 0
      tangentMode: 0
      weightedMode: 3
      inWeight: 0
      outWeight: 0
    m_PreInfinity: 2
    m_PostInfinity: 2
    m_RotationOrder: 4
  rotationY:
    serializedVersion: 2
    m_Curve:
    - serializedVersion: 3
      time: 0
      value: 0
      inSlope: 0
      outSlope: 0
      tangentMode: 0
      weightedMode: 3
      inWeight: 0
      outWeight: 0
    - serializedVersion: 3
      time: 1
      value: 0
      inSlope: 0
      outSlope: 0
      tangentMode: 0
      weightedMode: 3
      inWeight: 0
      outWeight: 0
    m_PreInfinity: 2
    m_PostInfinity: 2
    m_RotationOrder: 4
  rotationZ:
    serializedVersion: 2
    m_Curve:
    - serializedVersion: 3
      time: 0
      value: 0
      inSlope: 0
      outSlope: 0
      tangentMode: 0
      weightedMode: 3
      inWeight: 0
      outWeight: 0
    - serializedVersion: 3
      time: 1
      value: 360
      inSlope: 0
      outSlope: 0
      tangentMode: 0
      weightedMode: 3
      inWeight: 0
      outWeight: 0
    m_PreInfinity: 2
    m_PostInfinity: 2
    m_RotationOrder: 4
  color:
    serializedVersion: 2
    key0: {r: 1, g: 0.5896226, b: 0.98229676, a: 1}
    key1: {r: 1, g: 0, b: 0.5287266, a: 1}
    key2: {r: 1, g: 0.9160186, b: 0, a: 0}
    key3: {r: 0.07843137, g: 0.4779123, b: 1, a: 0}
    key4: {r: 0.62513065, g: 0.07843137, b: 1, a: 0}
    key5: {r: 1, g: 0.07843137, b: 0.46137494, a: 0}
    key6: {r: 1, g: 0.8209606, b: 0.07843137, a: 0}
    key7: {r: 0, g: 0, b: 0, a: 0}
    ctime0: 193
    ctime1: 22745
    ctime2: 65535
    ctime3: 37201
    ctime4: 49151
    ctime5: 57054
    ctime6: 64571
    ctime7: 0
    atime0: 0
    atime1: 65535
    atime2: 0
    atime3: 0
    atime4: 0
    atime5: 0
    atime6: 0
    atime7: 0
    m_Mode: 0
    m_NumColorKeys: 3
    m_NumAlphaKeys: 2
  spacing: 0.205
  radius: 0.89
  count: 3
  sprinklePreviewType: 2
--- !u!1 &8788316194131086843
GameObject:
  m_ObjectHideFlags: 0
  m_CorrespondingSourceObject: {fileID: 0}
  m_PrefabInstance: {fileID: 0}
  m_PrefabAsset: {fileID: 0}
  serializedVersion: 6
  m_Component:
  - component: {fileID: 2590605574385291590}
  - component: {fileID: 298242426708984811}
  m_Layer: 8
  m_Name: MiniDecorManual
  m_TagString: Untagged
  m_Icon: {fileID: 0}
  m_NavMeshLayer: 0
  m_StaticEditorFlags: 0
  m_IsActive: 1
--- !u!4 &2590605574385291590
Transform:
  m_ObjectHideFlags: 0
  m_CorrespondingSourceObject: {fileID: 0}
  m_PrefabInstance: {fileID: 0}
  m_PrefabAsset: {fileID: 0}
  m_GameObject: {fileID: 8788316194131086843}
  m_LocalRotation: {x: 0, y: 0, z: 0, w: 1}
  m_LocalPosition: {x: 0, y: 0, z: 0.08}
  m_LocalScale: {x: 1, y: 1, z: 1}
  m_Children:
  - {fileID: 2228649862550630777}
  - {fileID: 8106395082070492614}
  m_Father: {fileID: 1982909142942130538}
  m_RootOrder: 7
  m_LocalEulerAnglesHint: {x: 0, y: 0, z: 0}
--- !u!114 &298242426708984811
MonoBehaviour:
  m_ObjectHideFlags: 0
  m_CorrespondingSourceObject: {fileID: 0}
  m_PrefabInstance: {fileID: 0}
  m_PrefabAsset: {fileID: 0}
  m_GameObject: {fileID: 8788316194131086843}
  m_Enabled: 1
  m_EditorHideFlags: 0
  m_Script: {fileID: 11500000, guid: aa7cd3e0221fb7d408670f8221e82714, type: 3}
  m_Name: 
  m_EditorClassIdentifier: 
  options:
  - {fileID: -6582889811944372576, guid: 30f3b45f07b648c4eaef45620a649247, type: 3}
  instantiatePos: {fileID: 2590605574385291590}
  miniDecor: {fileID: 813683210463384822}
  _isCandle: 1
  _candleCoundMax: 0
  _layerMask:
    serializedVersion: 2
    m_Bits: 33792
  _points: []
  _snap: 0
--- !u!1001 &156201868307972709
PrefabInstance:
  m_ObjectHideFlags: 0
  serializedVersion: 2
  m_Modification:
    m_TransformParent: {fileID: 3949099539620166027}
    m_Modifications:
    - target: {fileID: 794801451098536653, guid: 3a209822acd954e439f4b8eb278aefbc,
        type: 3}
      propertyPath: cakeTexture
      value: 
      objectReference: {fileID: 2800000, guid: 6215bb19fdeb7bd4cac8f5470f5e57a6, type: 3}
    - target: {fileID: 1341202605574904496, guid: 3a209822acd954e439f4b8eb278aefbc,
        type: 3}
      propertyPath: m_Name
      value: HexagonLRounded
      objectReference: {fileID: 0}
    - target: {fileID: 6955690194484411392, guid: 3a209822acd954e439f4b8eb278aefbc,
        type: 3}
      propertyPath: m_RootOrder
      value: 2
      objectReference: {fileID: 0}
    - target: {fileID: 6955690194484411392, guid: 3a209822acd954e439f4b8eb278aefbc,
        type: 3}
      propertyPath: m_LocalPosition.x
      value: 0
      objectReference: {fileID: 0}
    - target: {fileID: 6955690194484411392, guid: 3a209822acd954e439f4b8eb278aefbc,
        type: 3}
      propertyPath: m_LocalPosition.y
      value: 0
      objectReference: {fileID: 0}
    - target: {fileID: 6955690194484411392, guid: 3a209822acd954e439f4b8eb278aefbc,
        type: 3}
      propertyPath: m_LocalPosition.z
      value: 0
      objectReference: {fileID: 0}
    - target: {fileID: 6955690194484411392, guid: 3a209822acd954e439f4b8eb278aefbc,
        type: 3}
      propertyPath: m_LocalRotation.w
      value: 1
      objectReference: {fileID: 0}
    - target: {fileID: 6955690194484411392, guid: 3a209822acd954e439f4b8eb278aefbc,
        type: 3}
      propertyPath: m_LocalRotation.x
      value: 0
      objectReference: {fileID: 0}
    - target: {fileID: 6955690194484411392, guid: 3a209822acd954e439f4b8eb278aefbc,
        type: 3}
      propertyPath: m_LocalRotation.y
      value: 0
      objectReference: {fileID: 0}
    - target: {fileID: 6955690194484411392, guid: 3a209822acd954e439f4b8eb278aefbc,
        type: 3}
      propertyPath: m_LocalRotation.z
      value: 0
      objectReference: {fileID: 0}
    - target: {fileID: 6955690194484411392, guid: 3a209822acd954e439f4b8eb278aefbc,
        type: 3}
      propertyPath: m_LocalEulerAnglesHint.x
      value: 0
      objectReference: {fileID: 0}
    - target: {fileID: 6955690194484411392, guid: 3a209822acd954e439f4b8eb278aefbc,
        type: 3}
      propertyPath: m_LocalEulerAnglesHint.y
      value: 0
      objectReference: {fileID: 0}
    - target: {fileID: 6955690194484411392, guid: 3a209822acd954e439f4b8eb278aefbc,
        type: 3}
      propertyPath: m_LocalEulerAnglesHint.z
      value: 0
      objectReference: {fileID: 0}
    m_RemovedComponents: []
  m_SourcePrefab: {fileID: 100100000, guid: 3a209822acd954e439f4b8eb278aefbc, type: 3}
--- !u!4 &7110448944866852453 stripped
Transform:
  m_CorrespondingSourceObject: {fileID: 6955690194484411392, guid: 3a209822acd954e439f4b8eb278aefbc,
    type: 3}
  m_PrefabInstance: {fileID: 156201868307972709}
  m_PrefabAsset: {fileID: 0}
--- !u!4 &1982909142942130538 stripped
Transform:
  m_CorrespondingSourceObject: {fileID: 1850493022598292239, guid: 3a209822acd954e439f4b8eb278aefbc,
    type: 3}
  m_PrefabInstance: {fileID: 156201868307972709}
  m_PrefabAsset: {fileID: 0}
--- !u!114 &661258872468453544 stripped
MonoBehaviour:
  m_CorrespondingSourceObject: {fileID: 794801451098536653, guid: 3a209822acd954e439f4b8eb278aefbc,
    type: 3}
  m_PrefabInstance: {fileID: 156201868307972709}
  m_PrefabAsset: {fileID: 0}
  m_GameObject: {fileID: 0}
  m_Enabled: 0
  m_EditorHideFlags: 0
  m_Script: {fileID: 11500000, guid: d931adf55ff26eb4dab04b81b53ef544, type: 3}
  m_Name: 
  m_EditorClassIdentifier: 
--- !u!1001 &1454773295451919758
PrefabInstance:
  m_ObjectHideFlags: 0
  serializedVersion: 2
  m_Modification:
    m_TransformParent: {fileID: 2228649862550630777}
    m_Modifications:
    - target: {fileID: -6582889811944372576, guid: 30f3b45f07b648c4eaef45620a649247,
        type: 3}
      propertyPath: baseTf
      value: 
      objectReference: {fileID: 8429885634234756754}
    - target: {fileID: -6582889811944372576, guid: 30f3b45f07b648c4eaef45620a649247,
        type: 3}
      propertyPath: basePos.x
      value: -1.044
      objectReference: {fileID: 0}
    - target: {fileID: -6582889811944372576, guid: 30f3b45f07b648c4eaef45620a649247,
        type: 3}
      propertyPath: basePos.y
      value: 0.55
      objectReference: {fileID: 0}
    - target: {fileID: -6582889811944372576, guid: 30f3b45f07b648c4eaef45620a649247,
        type: 3}
      propertyPath: basePos.z
      value: -0
      objectReference: {fileID: 0}
    - target: {fileID: -6582889811944372576, guid: 30f3b45f07b648c4eaef45620a649247,
        type: 3}
      propertyPath: baseRot.x
      value: 270
      objectReference: {fileID: 0}
    - target: {fileID: 2762202062278290882, guid: 30f3b45f07b648c4eaef45620a649247,
        type: 3}
      propertyPath: m_IsActive
      value: 1
      objectReference: {fileID: 0}
    - target: {fileID: 6975122309549521692, guid: 30f3b45f07b648c4eaef45620a649247,
        type: 3}
      propertyPath: m_RootOrder
      value: 2
      objectReference: {fileID: 0}
    - target: {fileID: 6975122309549521692, guid: 30f3b45f07b648c4eaef45620a649247,
        type: 3}
      propertyPath: m_LocalPosition.x
      value: -1.044
      objectReference: {fileID: 0}
    - target: {fileID: 6975122309549521692, guid: 30f3b45f07b648c4eaef45620a649247,
        type: 3}
      propertyPath: m_LocalPosition.y
      value: 0.55
      objectReference: {fileID: 0}
    - target: {fileID: 6975122309549521692, guid: 30f3b45f07b648c4eaef45620a649247,
        type: 3}
      propertyPath: m_LocalPosition.z
      value: -0
      objectReference: {fileID: 0}
    - target: {fileID: 6975122309549521692, guid: 30f3b45f07b648c4eaef45620a649247,
        type: 3}
      propertyPath: m_LocalRotation.w
      value: 0.7071068
      objectReference: {fileID: 0}
    - target: {fileID: 6975122309549521692, guid: 30f3b45f07b648c4eaef45620a649247,
        type: 3}
      propertyPath: m_LocalRotation.x
      value: -0.7071068
      objectReference: {fileID: 0}
    - target: {fileID: 6975122309549521692, guid: 30f3b45f07b648c4eaef45620a649247,
        type: 3}
      propertyPath: m_LocalRotation.y
      value: 0
      objectReference: {fileID: 0}
    - target: {fileID: 6975122309549521692, guid: 30f3b45f07b648c4eaef45620a649247,
        type: 3}
      propertyPath: m_LocalRotation.z
      value: 0
      objectReference: {fileID: 0}
    - target: {fileID: 6975122309549521692, guid: 30f3b45f07b648c4eaef45620a649247,
        type: 3}
      propertyPath: m_LocalEulerAnglesHint.x
      value: -90
      objectReference: {fileID: 0}
    - target: {fileID: 6975122309549521692, guid: 30f3b45f07b648c4eaef45620a649247,
        type: 3}
      propertyPath: m_LocalEulerAnglesHint.y
      value: 0
      objectReference: {fileID: 0}
    - target: {fileID: 6975122309549521692, guid: 30f3b45f07b648c4eaef45620a649247,
        type: 3}
      propertyPath: m_LocalEulerAnglesHint.z
      value: 0
      objectReference: {fileID: 0}
    - target: {fileID: 7748245678428103078, guid: 30f3b45f07b648c4eaef45620a649247,
        type: 3}
      propertyPath: m_Name
      value: Candles 1_002
      objectReference: {fileID: 0}
    - target: {fileID: 7748245678428103078, guid: 30f3b45f07b648c4eaef45620a649247,
        type: 3}
      propertyPath: m_IsActive
      value: 1
      objectReference: {fileID: 0}
    - target: {fileID: 8891621498576181103, guid: 30f3b45f07b648c4eaef45620a649247,
        type: 3}
      propertyPath: m_IsActive
      value: 0
      objectReference: {fileID: 0}
    m_RemovedComponents: []
  m_SourcePrefab: {fileID: 100100000, guid: 30f3b45f07b648c4eaef45620a649247, type: 3}
--- !u!4 &8429885634234756754 stripped
Transform:
  m_CorrespondingSourceObject: {fileID: 6975122309549521692, guid: 30f3b45f07b648c4eaef45620a649247,
    type: 3}
  m_PrefabInstance: {fileID: 1454773295451919758}
  m_PrefabAsset: {fileID: 0}
--- !u!1001 &3813635236910345200
PrefabInstance:
  m_ObjectHideFlags: 0
  serializedVersion: 2
  m_Modification:
    m_TransformParent: {fileID: 2228649862550630777}
    m_Modifications:
    - target: {fileID: -6582889811944372576, guid: 30f3b45f07b648c4eaef45620a649247,
        type: 3}
      propertyPath: baseTf
      value: 
      objectReference: {fileID: 6061948187242778860}
    - target: {fileID: -6582889811944372576, guid: 30f3b45f07b648c4eaef45620a649247,
        type: 3}
      propertyPath: basePos.x
      value: 0.949
      objectReference: {fileID: 0}
    - target: {fileID: -6582889811944372576, guid: 30f3b45f07b648c4eaef45620a649247,
        type: 3}
      propertyPath: basePos.y
      value: 0.354
      objectReference: {fileID: 0}
    - target: {fileID: -6582889811944372576, guid: 30f3b45f07b648c4eaef45620a649247,
        type: 3}
      propertyPath: baseRot.x
      value: 270
      objectReference: {fileID: 0}
    - target: {fileID: 2762202062278290882, guid: 30f3b45f07b648c4eaef45620a649247,
        type: 3}
      propertyPath: m_IsActive
      value: 1
      objectReference: {fileID: 0}
    - target: {fileID: 6975122309549521692, guid: 30f3b45f07b648c4eaef45620a649247,
        type: 3}
      propertyPath: m_RootOrder
      value: 1
      objectReference: {fileID: 0}
    - target: {fileID: 6975122309549521692, guid: 30f3b45f07b648c4eaef45620a649247,
        type: 3}
      propertyPath: m_LocalPosition.x
      value: 0.949
      objectReference: {fileID: 0}
    - target: {fileID: 6975122309549521692, guid: 30f3b45f07b648c4eaef45620a649247,
        type: 3}
      propertyPath: m_LocalPosition.y
      value: 0.354
      objectReference: {fileID: 0}
    - target: {fileID: 6975122309549521692, guid: 30f3b45f07b648c4eaef45620a649247,
        type: 3}
      propertyPath: m_LocalPosition.z
      value: 0
      objectReference: {fileID: 0}
    - target: {fileID: 6975122309549521692, guid: 30f3b45f07b648c4eaef45620a649247,
        type: 3}
      propertyPath: m_LocalRotation.w
      value: 0.7071068
      objectReference: {fileID: 0}
    - target: {fileID: 6975122309549521692, guid: 30f3b45f07b648c4eaef45620a649247,
        type: 3}
      propertyPath: m_LocalRotation.x
      value: -0.7071068
      objectReference: {fileID: 0}
    - target: {fileID: 6975122309549521692, guid: 30f3b45f07b648c4eaef45620a649247,
        type: 3}
      propertyPath: m_LocalRotation.y
      value: 0
      objectReference: {fileID: 0}
    - target: {fileID: 6975122309549521692, guid: 30f3b45f07b648c4eaef45620a649247,
        type: 3}
      propertyPath: m_LocalRotation.z
      value: 0
      objectReference: {fileID: 0}
    - target: {fileID: 6975122309549521692, guid: 30f3b45f07b648c4eaef45620a649247,
        type: 3}
      propertyPath: m_LocalEulerAnglesHint.x
      value: -90
      objectReference: {fileID: 0}
    - target: {fileID: 6975122309549521692, guid: 30f3b45f07b648c4eaef45620a649247,
        type: 3}
      propertyPath: m_LocalEulerAnglesHint.y
      value: 0
      objectReference: {fileID: 0}
    - target: {fileID: 6975122309549521692, guid: 30f3b45f07b648c4eaef45620a649247,
        type: 3}
      propertyPath: m_LocalEulerAnglesHint.z
      value: 0
      objectReference: {fileID: 0}
    - target: {fileID: 7748245678428103078, guid: 30f3b45f07b648c4eaef45620a649247,
        type: 3}
      propertyPath: m_Name
      value: Candles 1_001
      objectReference: {fileID: 0}
    - target: {fileID: 7748245678428103078, guid: 30f3b45f07b648c4eaef45620a649247,
        type: 3}
      propertyPath: m_IsActive
      value: 1
      objectReference: {fileID: 0}
    - target: {fileID: 8891621498576181103, guid: 30f3b45f07b648c4eaef45620a649247,
        type: 3}
      propertyPath: m_IsActive
      value: 0
      objectReference: {fileID: 0}
    m_RemovedComponents: []
  m_SourcePrefab: {fileID: 100100000, guid: 30f3b45f07b648c4eaef45620a649247, type: 3}
--- !u!4 &6061948187242778860 stripped
Transform:
  m_CorrespondingSourceObject: {fileID: 6975122309549521692, guid: 30f3b45f07b648c4eaef45620a649247,
    type: 3}
  m_PrefabInstance: {fileID: 3813635236910345200}
  m_PrefabAsset: {fileID: 0}
--- !u!1001 &5841630141128785237
PrefabInstance:
  m_ObjectHideFlags: 0
  serializedVersion: 2
  m_Modification:
    m_TransformParent: {fileID: 1982909142942130538}
    m_Modifications:
    - target: {fileID: 1461042068675731110, guid: 413cb3ce0a2de6b49b71cf624ae66c8a,
        type: 3}
      propertyPath: m_RootOrder
      value: 3
      objectReference: {fileID: 0}
    - target: {fileID: 1461042068675731110, guid: 413cb3ce0a2de6b49b71cf624ae66c8a,
        type: 3}
      propertyPath: m_LocalPosition.x
      value: 0
      objectReference: {fileID: 0}
    - target: {fileID: 1461042068675731110, guid: 413cb3ce0a2de6b49b71cf624ae66c8a,
        type: 3}
      propertyPath: m_LocalPosition.y
      value: 0
      objectReference: {fileID: 0}
    - target: {fileID: 1461042068675731110, guid: 413cb3ce0a2de6b49b71cf624ae66c8a,
        type: 3}
      propertyPath: m_LocalPosition.z
      value: 0
      objectReference: {fileID: 0}
    - target: {fileID: 1461042068675731110, guid: 413cb3ce0a2de6b49b71cf624ae66c8a,
        type: 3}
      propertyPath: m_LocalRotation.w
      value: 1
      objectReference: {fileID: 0}
    - target: {fileID: 1461042068675731110, guid: 413cb3ce0a2de6b49b71cf624ae66c8a,
        type: 3}
      propertyPath: m_LocalRotation.x
      value: -0
      objectReference: {fileID: 0}
    - target: {fileID: 1461042068675731110, guid: 413cb3ce0a2de6b49b71cf624ae66c8a,
        type: 3}
      propertyPath: m_LocalRotation.y
      value: -0
      objectReference: {fileID: 0}
    - target: {fileID: 1461042068675731110, guid: 413cb3ce0a2de6b49b71cf624ae66c8a,
        type: 3}
      propertyPath: m_LocalRotation.z
      value: -0
      objectReference: {fileID: 0}
    - target: {fileID: 1461042068675731110, guid: 413cb3ce0a2de6b49b71cf624ae66c8a,
        type: 3}
      propertyPath: m_LocalEulerAnglesHint.x
      value: 0
      objectReference: {fileID: 0}
    - target: {fileID: 1461042068675731110, guid: 413cb3ce0a2de6b49b71cf624ae66c8a,
        type: 3}
      propertyPath: m_LocalEulerAnglesHint.y
      value: 0
      objectReference: {fileID: 0}
    - target: {fileID: 1461042068675731110, guid: 413cb3ce0a2de6b49b71cf624ae66c8a,
        type: 3}
      propertyPath: m_LocalEulerAnglesHint.z
      value: 0
      objectReference: {fileID: 0}
    - target: {fileID: 1589293932378325050, guid: 413cb3ce0a2de6b49b71cf624ae66c8a,
        type: 3}
      propertyPath: m_Name
      value: MirrorGlazeManual
      objectReference: {fileID: 0}
    - target: {fileID: 9159160479893547260, guid: 413cb3ce0a2de6b49b71cf624ae66c8a,
        type: 3}
      propertyPath: correctOption
      value: 2
      objectReference: {fileID: 0}
    - target: {fileID: 9159160479893547260, guid: 413cb3ce0a2de6b49b71cf624ae66c8a,
        type: 3}
      propertyPath: options.Array.size
      value: 3
      objectReference: {fileID: 0}
    - target: {fileID: 9159160479893547260, guid: 413cb3ce0a2de6b49b71cf624ae66c8a,
        type: 3}
      propertyPath: options.Array.data[0].pattern
      value: 
      objectReference: {fileID: 21300000, guid: 7ba039e0abbd1bf46bf619473cb75701,
        type: 3}
    - target: {fileID: 9159160479893547260, guid: 413cb3ce0a2de6b49b71cf624ae66c8a,
        type: 3}
      propertyPath: options.Array.data[1].pattern
      value: 
      objectReference: {fileID: 21300000, guid: 861cf4182ca64be4aa176361edae835f,
        type: 3}
    - target: {fileID: 9159160479893547260, guid: 413cb3ce0a2de6b49b71cf624ae66c8a,
        type: 3}
      propertyPath: options.Array.data[2].pattern
      value: 
      objectReference: {fileID: 21300000, guid: 2010f4837df7daf408dadd54dcb027ae,
        type: 3}
    m_RemovedComponents: []
  m_SourcePrefab: {fileID: 100100000, guid: 413cb3ce0a2de6b49b71cf624ae66c8a, type: 3}
--- !u!1001 &9207022279140081771
PrefabInstance:
  m_ObjectHideFlags: 0
  serializedVersion: 2
  m_Modification:
    m_TransformParent: {fileID: 2228649862550630777}
    m_Modifications:
    - target: {fileID: -6582889811944372576, guid: 30f3b45f07b648c4eaef45620a649247,
        type: 3}
      propertyPath: baseTf
      value: 
      objectReference: {fileID: 2236447554132343671}
    - target: {fileID: -6582889811944372576, guid: 30f3b45f07b648c4eaef45620a649247,
        type: 3}
      propertyPath: basePos.x
      value: 0.326
      objectReference: {fileID: 0}
    - target: {fileID: -6582889811944372576, guid: 30f3b45f07b648c4eaef45620a649247,
        type: 3}
      propertyPath: basePos.y
      value: 1.099
      objectReference: {fileID: 0}
    - target: {fileID: -6582889811944372576, guid: 30f3b45f07b648c4eaef45620a649247,
        type: 3}
      propertyPath: basePos.z
      value: -0
      objectReference: {fileID: 0}
    - target: {fileID: -6582889811944372576, guid: 30f3b45f07b648c4eaef45620a649247,
        type: 3}
      propertyPath: baseRot.x
      value: 270
      objectReference: {fileID: 0}
    - target: {fileID: 2762202062278290882, guid: 30f3b45f07b648c4eaef45620a649247,
        type: 3}
      propertyPath: m_IsActive
      value: 1
      objectReference: {fileID: 0}
    - target: {fileID: 6975122309549521692, guid: 30f3b45f07b648c4eaef45620a649247,
        type: 3}
      propertyPath: m_RootOrder
      value: 0
      objectReference: {fileID: 0}
    - target: {fileID: 6975122309549521692, guid: 30f3b45f07b648c4eaef45620a649247,
        type: 3}
      propertyPath: m_LocalPosition.x
      value: 0.326
      objectReference: {fileID: 0}
    - target: {fileID: 6975122309549521692, guid: 30f3b45f07b648c4eaef45620a649247,
        type: 3}
      propertyPath: m_LocalPosition.y
      value: 1.099
      objectReference: {fileID: 0}
    - target: {fileID: 6975122309549521692, guid: 30f3b45f07b648c4eaef45620a649247,
        type: 3}
      propertyPath: m_LocalPosition.z
      value: -0
      objectReference: {fileID: 0}
    - target: {fileID: 6975122309549521692, guid: 30f3b45f07b648c4eaef45620a649247,
        type: 3}
      propertyPath: m_LocalRotation.w
      value: 0.7071068
      objectReference: {fileID: 0}
    - target: {fileID: 6975122309549521692, guid: 30f3b45f07b648c4eaef45620a649247,
        type: 3}
      propertyPath: m_LocalRotation.x
      value: -0.7071068
      objectReference: {fileID: 0}
    - target: {fileID: 6975122309549521692, guid: 30f3b45f07b648c4eaef45620a649247,
        type: 3}
      propertyPath: m_LocalRotation.y
      value: 0
      objectReference: {fileID: 0}
    - target: {fileID: 6975122309549521692, guid: 30f3b45f07b648c4eaef45620a649247,
        type: 3}
      propertyPath: m_LocalRotation.z
      value: 0
      objectReference: {fileID: 0}
    - target: {fileID: 6975122309549521692, guid: 30f3b45f07b648c4eaef45620a649247,
        type: 3}
      propertyPath: m_LocalEulerAnglesHint.x
      value: -90
      objectReference: {fileID: 0}
    - target: {fileID: 6975122309549521692, guid: 30f3b45f07b648c4eaef45620a649247,
        type: 3}
      propertyPath: m_LocalEulerAnglesHint.y
      value: 0
      objectReference: {fileID: 0}
    - target: {fileID: 6975122309549521692, guid: 30f3b45f07b648c4eaef45620a649247,
        type: 3}
      propertyPath: m_LocalEulerAnglesHint.z
      value: 0
      objectReference: {fileID: 0}
    - target: {fileID: 7748245678428103078, guid: 30f3b45f07b648c4eaef45620a649247,
        type: 3}
      propertyPath: m_Name
      value: Candles 1
      objectReference: {fileID: 0}
    - target: {fileID: 7748245678428103078, guid: 30f3b45f07b648c4eaef45620a649247,
        type: 3}
      propertyPath: m_IsActive
      value: 1
      objectReference: {fileID: 0}
    - target: {fileID: 8891621498576181103, guid: 30f3b45f07b648c4eaef45620a649247,
        type: 3}
      propertyPath: m_IsActive
      value: 0
      objectReference: {fileID: 0}
    m_RemovedComponents: []
  m_SourcePrefab: {fileID: 100100000, guid: 30f3b45f07b648c4eaef45620a649247, type: 3}
--- !u!4 &2236447554132343671 stripped
Transform:
  m_CorrespondingSourceObject: {fileID: 6975122309549521692, guid: 30f3b45f07b648c4eaef45620a649247,
    type: 3}
  m_PrefabInstance: {fileID: 9207022279140081771}
  m_PrefabAsset: {fileID: 0}
