%YAML 1.1
%TAG !u! tag:unity3d.com,2011:
--- !u!1 &411140936588491274
GameObject:
  m_ObjectHideFlags: 0
  m_CorrespondingSourceObject: {fileID: 0}
  m_PrefabInstance: {fileID: 0}
  m_PrefabAsset: {fileID: 0}
  serializedVersion: 6
  m_Component:
  - component: {fileID: 3404212257620142042}
  - component: {fileID: 65190806686020552}
  - component: {fileID: 1590288160972889730}
  m_Layer: 8
  m_Name: Hint
  m_TagString: Untagged
  m_Icon: {fileID: 0}
  m_NavMeshLayer: 0
  m_StaticEditorFlags: 0
  m_IsActive: 0
--- !u!4 &3404212257620142042
Transform:
  m_ObjectHideFlags: 0
  m_CorrespondingSourceObject: {fileID: 0}
  m_PrefabInstance: {fileID: 0}
  m_PrefabAsset: {fileID: 0}
  m_GameObject: {fileID: 411140936588491274}
  m_LocalRotation: {x: 0, y: 0, z: 0, w: 1}
  m_LocalPosition: {x: 0, y: 0, z: 0}
  m_LocalScale: {x: 2, y: 2, z: 1}
  m_Children:
  - {fileID: 3369024226376382462}
  m_Father: {fileID: 2060483437002783485}
  m_RootOrder: 3
  m_LocalEulerAnglesHint: {x: 0, y: 0, z: 0}
--- !u!23 &65190806686020552
MeshRenderer:
  m_ObjectHideFlags: 0
  m_CorrespondingSourceObject: {fileID: 0}
  m_PrefabInstance: {fileID: 0}
  m_PrefabAsset: {fileID: 0}
  m_GameObject: {fileID: 411140936588491274}
  m_Enabled: 1
  m_CastShadows: 0
  m_ReceiveShadows: 1
  m_DynamicOccludee: 1
  m_MotionVectors: 1
  m_LightProbeUsage: 1
  m_ReflectionProbeUsage: 1
  m_RayTracingMode: 2
  m_RayTraceProcedural: 0
  m_RenderingLayerMask: 1
  m_RendererPriority: 0
  m_Materials:
  - {fileID: 2100000, guid: 73c26d25ba5e866458a89bc33e238ec9, type: 2}
  m_StaticBatchInfo:
    firstSubMesh: 0
    subMeshCount: 0
  m_StaticBatchRoot: {fileID: 0}
  m_ProbeAnchor: {fileID: 0}
  m_LightProbeVolumeOverride: {fileID: 0}
  m_ScaleInLightmap: 1
  m_ReceiveGI: 1
  m_PreserveUVs: 0
  m_IgnoreNormalsForChartDetection: 0
  m_ImportantGI: 0
  m_StitchLightmapSeams: 0
  m_SelectedEditorRenderState: 3
  m_MinimumChartSize: 4
  m_AutoUVMaxDistance: 0.5
  m_AutoUVMaxAngle: 89
  m_LightmapParameters: {fileID: 0}
  m_SortingLayerID: 0
  m_SortingLayer: 0
  m_SortingOrder: 0
  m_AdditionalVertexStreams: {fileID: 0}
--- !u!33 &1590288160972889730
MeshFilter:
  m_ObjectHideFlags: 0
  m_CorrespondingSourceObject: {fileID: 0}
  m_PrefabInstance: {fileID: 0}
  m_PrefabAsset: {fileID: 0}
  m_GameObject: {fileID: 411140936588491274}
  m_Mesh: {fileID: 10210, guid: 0000000000000000e000000000000000, type: 0}
--- !u!1 &938253853514896448
GameObject:
  m_ObjectHideFlags: 0
  m_CorrespondingSourceObject: {fileID: 0}
  m_PrefabInstance: {fileID: 0}
  m_PrefabAsset: {fileID: 0}
  serializedVersion: 6
  m_Component:
  - component: {fileID: 2060483437002783485}
  - component: {fileID: 8401686274380115237}
  m_Layer: 8
  m_Name: FillManual(Clone)
  m_TagString: Untagged
  m_Icon: {fileID: 0}
  m_NavMeshLayer: 0
  m_StaticEditorFlags: 0
  m_IsActive: 1
--- !u!4 &2060483437002783485
Transform:
  m_ObjectHideFlags: 0
  m_CorrespondingSourceObject: {fileID: 0}
  m_PrefabInstance: {fileID: 0}
  m_PrefabAsset: {fileID: 0}
  m_GameObject: {fileID: 938253853514896448}
  m_LocalRotation: {x: -0, y: 0.0000000074505797, z: -0.06783401, w: 0.9976967}
  m_LocalPosition: {x: -0.026, y: -0.148, z: 0}
  m_LocalScale: {x: 1.1625, y: 1.0302, z: 1}
  m_Children:
  - {fileID: 5200485473351973404}
  - {fileID: 4884595498441830060}
  - {fileID: 7023331149917645243}
  - {fileID: 3404212257620142042}
  - {fileID: 5145924543879682440}
  - {fileID: 1169862441463257480}
  m_Father: {fileID: 5345960768250973364}
  m_RootOrder: 3
  m_LocalEulerAnglesHint: {x: 0, y: 0, z: -7.779}
--- !u!114 &8401686274380115237
MonoBehaviour:
  m_ObjectHideFlags: 0
  m_CorrespondingSourceObject: {fileID: 0}
  m_PrefabInstance: {fileID: 0}
  m_PrefabAsset: {fileID: 0}
  m_GameObject: {fileID: 938253853514896448}
  m_Enabled: 1
  m_EditorHideFlags: 0
  m_Script: {fileID: 11500000, guid: f639f652e1f0604498cb1ea542312c93, type: 3}
  m_Name: 
  m_EditorClassIdentifier: 
  drawTexture: {fileID: 2800000, guid: abe16dfa9e096944f9b11faaa3592fab, type: 3}
  options:
  - PaintText: {fileID: 0}
    Icon: {fileID: 0}
    BlendColor: {r: 0, g: 0.7254902, b: 0.89019614, a: 1}
  - PaintText: {fileID: 0}
    Icon: {fileID: 0}
    BlendColor: {r: 0.99215686, g: 0.6509804, b: 0.8180094, a: 1}
  - PaintText: {fileID: 0}
    Icon: {fileID: 0}
    BlendColor: {r: 1, g: 0.88682115, b: 0.1745283, a: 1}
  correctIndex: 2
  fillSurface: {fileID: 3010642490216201203}
  renderCamera: {fileID: 5617839050421405867}
  previewEditor: {fileID: 2836456893928121982}
  tooltipHand: {fileID: 3225514545524283019}
  loangOption: 1
  transformScale: 1.1625
  patternScale: 1
  showHint: 1
  showAreaFill: 1
  optionAds: 1
--- !u!1 &1305771926104336923
GameObject:
  m_ObjectHideFlags: 0
  m_CorrespondingSourceObject: {fileID: 0}
  m_PrefabInstance: {fileID: 0}
  m_PrefabAsset: {fileID: 0}
  serializedVersion: 6
  m_Component:
  - component: {fileID: 3369024226376382462}
  - component: {fileID: 4986720456277823647}
  - component: {fileID: 1894763752216450797}
  - component: {fileID: 6139605693911797837}
  - component: {fileID: 803892966879630359}
  m_Layer: 8
  m_Name: Dashed
  m_TagString: Untagged
  m_Icon: {fileID: 0}
  m_NavMeshLayer: 0
  m_StaticEditorFlags: 0
  m_IsActive: 1
--- !u!4 &3369024226376382462
Transform:
  m_ObjectHideFlags: 0
  m_CorrespondingSourceObject: {fileID: 0}
  m_PrefabInstance: {fileID: 0}
  m_PrefabAsset: {fileID: 0}
  m_GameObject: {fileID: 1305771926104336923}
  m_LocalRotation: {x: -0, y: -0, z: -0, w: 1}
  m_LocalPosition: {x: 0, y: 0, z: -0.012}
  m_LocalScale: {x: 1, y: 1, z: 1}
  m_Children: []
  m_Father: {fileID: 3404212257620142042}
  m_RootOrder: 0
  m_LocalEulerAnglesHint: {x: 0, y: 0, z: 0}
--- !u!212 &4986720456277823647
SpriteRenderer:
  m_ObjectHideFlags: 0
  m_CorrespondingSourceObject: {fileID: 0}
  m_PrefabInstance: {fileID: 0}
  m_PrefabAsset: {fileID: 0}
  m_GameObject: {fileID: 1305771926104336923}
  m_Enabled: 1
  m_CastShadows: 0
  m_ReceiveShadows: 0
  m_DynamicOccludee: 1
  m_MotionVectors: 1
  m_LightProbeUsage: 1
  m_ReflectionProbeUsage: 1
  m_RayTracingMode: 0
  m_RayTraceProcedural: 0
  m_RenderingLayerMask: 1
  m_RendererPriority: 0
  m_Materials:
  - {fileID: 10754, guid: 0000000000000000f000000000000000, type: 0}
  m_StaticBatchInfo:
    firstSubMesh: 0
    subMeshCount: 0
  m_StaticBatchRoot: {fileID: 0}
  m_ProbeAnchor: {fileID: 0}
  m_LightProbeVolumeOverride: {fileID: 0}
  m_ScaleInLightmap: 1
  m_ReceiveGI: 1
  m_PreserveUVs: 0
  m_IgnoreNormalsForChartDetection: 0
  m_ImportantGI: 0
  m_StitchLightmapSeams: 0
  m_SelectedEditorRenderState: 0
  m_MinimumChartSize: 4
  m_AutoUVMaxDistance: 0.5
  m_AutoUVMaxAngle: 89
  m_LightmapParameters: {fileID: 0}
  m_SortingLayerID: 0
  m_SortingLayer: 0
  m_SortingOrder: 0
  m_Sprite: {fileID: 21300000, guid: 63e91fce7dfa8664692438b02279492d, type: 3}
  m_Color: {r: 0.09301448, g: 1, b: 0, a: 1}
  m_FlipX: 0
  m_FlipY: 0
  m_DrawMode: 0
  m_Size: {x: 10.24, y: 10.24}
  m_AdaptiveModeThreshold: 0.5
  m_SpriteTileMode: 0
  m_WasSpriteAssigned: 1
  m_MaskInteraction: 0
  m_SpriteSortPoint: 0
--- !u!114 &1894763752216450797
MonoBehaviour:
  m_ObjectHideFlags: 0
  m_CorrespondingSourceObject: {fileID: 0}
  m_PrefabInstance: {fileID: 0}
  m_PrefabAsset: {fileID: 0}
  m_GameObject: {fileID: 1305771926104336923}
  m_Enabled: 1
  m_EditorHideFlags: 0
  m_Script: {fileID: 11500000, guid: 83e3d7918200cb04cb6da5641caaea2f, type: 3}
  m_Name: 
  m_EditorClassIdentifier: 
  lineRenderer: {fileID: 6139605693911797837}
  normalColor: {r: 0.09411766, g: 1, b: 0.175, a: 1}
  brightColor: {r: 0.7055256, g: 1, b: 0.6745283, a: 1}
--- !u!120 &6139605693911797837
LineRenderer:
  m_ObjectHideFlags: 0
  m_CorrespondingSourceObject: {fileID: 0}
  m_PrefabInstance: {fileID: 0}
  m_PrefabAsset: {fileID: 0}
  m_GameObject: {fileID: 1305771926104336923}
  m_Enabled: 1
  m_CastShadows: 0
  m_ReceiveShadows: 0
  m_DynamicOccludee: 0
  m_MotionVectors: 0
  m_LightProbeUsage: 0
  m_ReflectionProbeUsage: 0
  m_RayTracingMode: 0
  m_RayTraceProcedural: 0
  m_RenderingLayerMask: 1
  m_RendererPriority: 0
  m_Materials:
  - {fileID: 2100000, guid: 9e2364066735e264cb16f9af7394fdf7, type: 2}
  m_StaticBatchInfo:
    firstSubMesh: 0
    subMeshCount: 0
  m_StaticBatchRoot: {fileID: 0}
  m_ProbeAnchor: {fileID: 0}
  m_LightProbeVolumeOverride: {fileID: 0}
  m_ScaleInLightmap: 1
  m_ReceiveGI: 1
  m_PreserveUVs: 0
  m_IgnoreNormalsForChartDetection: 0
  m_ImportantGI: 0
  m_StitchLightmapSeams: 0
  m_SelectedEditorRenderState: 3
  m_MinimumChartSize: 4
  m_AutoUVMaxDistance: 0.5
  m_AutoUVMaxAngle: 89
  m_LightmapParameters: {fileID: 0}
  m_SortingLayerID: 0
  m_SortingLayer: 0
  m_SortingOrder: 0
  m_Positions:
  - {x: 0, y: 0, z: 0}
  - {x: 0, y: 0, z: 1}
  m_Parameters:
    serializedVersion: 3
    widthMultiplier: 0.1
    widthCurve:
      serializedVersion: 2
      m_Curve:
      - serializedVersion: 3
        time: 0
        value: 1
        inSlope: 0
        outSlope: 0
        tangentMode: 0
        weightedMode: 0
        inWeight: 0.33333334
        outWeight: 0.33333334
      m_PreInfinity: 2
      m_PostInfinity: 2
      m_RotationOrder: 4
    colorGradient:
      serializedVersion: 2
      key0: {r: 1, g: 1, b: 1, a: 1}
      key1: {r: 1, g: 1, b: 1, a: 1}
      key2: {r: 0, g: 0, b: 0, a: 0}
      key3: {r: 0, g: 0, b: 0, a: 0}
      key4: {r: 0, g: 0, b: 0, a: 0}
      key5: {r: 0, g: 0, b: 0, a: 0}
      key6: {r: 0, g: 0, b: 0, a: 0}
      key7: {r: 0, g: 0, b: 0, a: 0}
      ctime0: 0
      ctime1: 65535
      ctime2: 0
      ctime3: 0
      ctime4: 0
      ctime5: 0
      ctime6: 0
      ctime7: 0
      atime0: 0
      atime1: 65535
      atime2: 0
      atime3: 0
      atime4: 0
      atime5: 0
      atime6: 0
      atime7: 0
      m_Mode: 0
      m_NumColorKeys: 2
      m_NumAlphaKeys: 2
    numCornerVertices: 0
    numCapVertices: 0
    alignment: 0
    textureMode: 0
    shadowBias: 0.5
    generateLightingData: 0
  m_UseWorldSpace: 0
  m_Loop: 1
--- !u!95 &803892966879630359
Animator:
  serializedVersion: 3
  m_ObjectHideFlags: 0
  m_CorrespondingSourceObject: {fileID: 0}
  m_PrefabInstance: {fileID: 0}
  m_PrefabAsset: {fileID: 0}
  m_GameObject: {fileID: 1305771926104336923}
  m_Enabled: 1
  m_Avatar: {fileID: 0}
  m_Controller: {fileID: 9100000, guid: 919eea917cb97a74eb2d3d90843ad5f2, type: 2}
  m_CullingMode: 0
  m_UpdateMode: 0
  m_ApplyRootMotion: 0
  m_LinearVelocityBlending: 0
  m_WarningMessage: 
  m_HasTransformHierarchy: 1
  m_AllowConstantClipSamplingOptimization: 1
  m_KeepAnimatorControllerStateOnDisable: 0
--- !u!1 &1585564693034720740
GameObject:
  m_ObjectHideFlags: 0
  m_CorrespondingSourceObject: {fileID: 0}
  m_PrefabInstance: {fileID: 0}
  m_PrefabAsset: {fileID: 0}
  serializedVersion: 6
  m_Component:
  - component: {fileID: 4701992203679637176}
  - component: {fileID: 1246536360750875586}
  m_Layer: 8
  m_Name: HandTutorial
  m_TagString: Untagged
  m_Icon: {fileID: 0}
  m_NavMeshLayer: 0
  m_StaticEditorFlags: 0
  m_IsActive: 1
--- !u!4 &4701992203679637176
Transform:
  m_ObjectHideFlags: 0
  m_CorrespondingSourceObject: {fileID: 0}
  m_PrefabInstance: {fileID: 0}
  m_PrefabAsset: {fileID: 0}
  m_GameObject: {fileID: 1585564693034720740}
  m_LocalRotation: {x: -0, y: -0, z: -0, w: 1}
  m_LocalPosition: {x: -0.173, y: -0.04, z: -0.5}
  m_LocalScale: {x: 1, y: 1, z: 1}
  m_Children:
  - {fileID: 3294226756356733674}
  m_Father: {fileID: 1169862441463257480}
  m_RootOrder: 0
  m_LocalEulerAnglesHint: {x: 0, y: 0, z: 0}
--- !u!95 &1246536360750875586
Animator:
  serializedVersion: 3
  m_ObjectHideFlags: 0
  m_CorrespondingSourceObject: {fileID: 0}
  m_PrefabInstance: {fileID: 0}
  m_PrefabAsset: {fileID: 0}
  m_GameObject: {fileID: 1585564693034720740}
  m_Enabled: 1
  m_Avatar: {fileID: 0}
  m_Controller: {fileID: 9100000, guid: a9733f645225b7b4499c4fc6d56e50d8, type: 2}
  m_CullingMode: 0
  m_UpdateMode: 0
  m_ApplyRootMotion: 0
  m_LinearVelocityBlending: 0
  m_WarningMessage: 
  m_HasTransformHierarchy: 1
  m_AllowConstantClipSamplingOptimization: 1
  m_KeepAnimatorControllerStateOnDisable: 0
--- !u!1 &2470268877484057891
GameObject:
  m_ObjectHideFlags: 0
  m_CorrespondingSourceObject: {fileID: 0}
  m_PrefabInstance: {fileID: 0}
  m_PrefabAsset: {fileID: 0}
  serializedVersion: 6
  m_Component:
  - component: {fileID: 3010535979600462935}
  - component: {fileID: 4356911962691283976}
  - component: {fileID: 620325273246271284}
  - component: {fileID: 3392367005320204119}
  m_Layer: 8
  m_Name: StrokeManual 1_001
  m_TagString: Untagged
  m_Icon: {fileID: 0}
  m_NavMeshLayer: 0
  m_StaticEditorFlags: 0
  m_IsActive: 1
--- !u!4 &3010535979600462935
Transform:
  m_ObjectHideFlags: 0
  m_CorrespondingSourceObject: {fileID: 0}
  m_PrefabInstance: {fileID: 0}
  m_PrefabAsset: {fileID: 0}
  m_GameObject: {fileID: 2470268877484057891}
  m_LocalRotation: {x: -0, y: 0.0000000013969835, z: 0.0056422926, w: 0.99998415}
  m_LocalPosition: {x: 0.023, y: -0.099, z: -0.008}
  m_LocalScale: {x: 1.0208201, y: 1.0057088, z: 1.2338867}
  m_Children: []
  m_Father: {fileID: 5345960768250973364}
  m_RootOrder: 1
  m_LocalEulerAnglesHint: {x: 0, y: 0, z: 0.647}
--- !u!114 &4356911962691283976
MonoBehaviour:
  m_ObjectHideFlags: 0
  m_CorrespondingSourceObject: {fileID: 0}
  m_PrefabInstance: {fileID: 0}
  m_PrefabAsset: {fileID: 0}
  m_GameObject: {fileID: 2470268877484057891}
  m_Enabled: 1
  m_EditorHideFlags: 0
  m_Script: {fileID: 11500000, guid: f6202143f93329f4596fcd4f38f4496e, type: 3}
  m_Name: 
  m_EditorClassIdentifier: 
  tip: {fileID: 4760252478746094373, guid: b71976d8495dc7e46b0f60b774624c58, type: 3}
  size:
    serializedVersion: 2
    m_Curve:
    - serializedVersion: 3
      time: 0.057715
      value: 0.22401844
      inSlope: 0
      outSlope: 0
      tangentMode: 0
      weightedMode: 3
      inWeight: 0
      outWeight: 0
    - serializedVersion: 3
      time: 1.057715
      value: 0.22401844
      inSlope: 0
      outSlope: 0
      tangentMode: 0
      weightedMode: 3
      inWeight: 0
      outWeight: 0
    m_PreInfinity: 2
    m_PostInfinity: 2
    m_RotationOrder: 4
  twist: 0
--- !u!114 &620325273246271284
MonoBehaviour:
  m_ObjectHideFlags: 0
  m_CorrespondingSourceObject: {fileID: 0}
  m_PrefabInstance: {fileID: 0}
  m_PrefabAsset: {fileID: 0}
  m_GameObject: {fileID: 2470268877484057891}
  m_Enabled: 1
  m_EditorHideFlags: 0
  m_Script: {fileID: 11500000, guid: c25f2c3c6d52ab744a70ac080b3e3958, type: 3}
  m_Name: 
  m_EditorClassIdentifier: 
  svgPoints:
  - x: 0.04729734370455975
    y: 0.7670906292517825
  - x: -0.0786963065222821
    y: 1.0524642649952067
  - x: -0.34499201256024015
    y: 1.2452305706397748
  - x: -0.6430842377837991
    y: 1.2631161041531882
  - x: -0.667329071722938
    y: 1.264705929378071
  - x: -1.0441176508492622
    y: 1.2810016376666018
  - x: -1.2825914007046002
    y: 0.9896661574187066
  - x: -1.5000000000000002
    y: 0.7241653366901863
  - x: -1.4447535681938655
    y: 0.395468988473079
  - x: -1.4217011058089277
    y: 0.2575516643990494
  - x: -1.370429244586651
    y: -0.0472973058001732
  - x: -1.2118441822838932
    y: -0.24085854223944303
  - x: -0.9213036176689449
    y: -0.5858505927040697
  - x: -0.7678854918185885
    y: -0.7678855752082389
  - x: -0.5357710063798087
    y: -1.018283059557783
  - x: -0.21224160219598004
    y: -1.2810016376666018
  - x: 0.17766296168471477
    y: -1.130763083377506
  - x: 0.47019070166887106
    y: -0.9455485444738309
  - x: 0.6728934148208912
    y: -0.794515150360561
  - x: 1.0635929701433062
    y: -0.5035771506717711
  - x: 1.3879172747983273
    y: -0.2623211885202411
  - x: 1.4423688364567788
    y: 0.13712239327932788
  - x: 1.4475357681711318
    y: 0.17607311146662732
  - x: 1.5000000000000002
    y: 0.6077106588969549
  - x: 1.21065181641535
    y: 0.8553259157885522
  - x: 0.9340222526343436
    y: 1.0918124751129274
  - x: 0.4439586828844274
    y: 1.0767091235721968
  - x: 0.04729734370455975
    y: 0.7670906292517825
  - x: 0
    y: 0
  - x: 0
    y: 0
  svgCommands: 010000000400000004000000040000000400000004000000040000000400000004000000040000000400000004000000040000000400000004000000040000000400000004000000040000000400000004000000040000000400000004000000040000000400000004000000040000004f00000000000000
  reverse: 0
  offset: 0
--- !u!114 &3392367005320204119
MonoBehaviour:
  m_ObjectHideFlags: 0
  m_CorrespondingSourceObject: {fileID: 0}
  m_PrefabInstance: {fileID: 0}
  m_PrefabAsset: {fileID: 0}
  m_GameObject: {fileID: 2470268877484057891}
  m_Enabled: 1
  m_EditorHideFlags: 0
  m_Script: {fileID: 11500000, guid: 5120595cb07379d488e526d799bc1e6d, type: 3}
  m_Name: 
  m_EditorClassIdentifier: 
  path: {fileID: 620325273246271284}
  sections:
  - weight: 1
    colors: 00000000
  options:
  - colors:
    - {r: 0.44313726, g: 0.3529412, b: 1, a: 1}
    gradient: 0
  - colors:
    - {r: 0.986, g: 0.28298193, b: 0.3266477, a: 1}
    - {r: 1, g: 0.8820755, b: 0.9445638, a: 1}
    gradient: 0
  brush: {fileID: 4356911962691283976}
  material: {fileID: 2100000, guid: 108036d14a7415f4b95df06c69a79ceb, type: 2}
--- !u!1 &2692379402090975538
GameObject:
  m_ObjectHideFlags: 0
  m_CorrespondingSourceObject: {fileID: 0}
  m_PrefabInstance: {fileID: 0}
  m_PrefabAsset: {fileID: 0}
  serializedVersion: 6
  m_Component:
  - component: {fileID: 6486238112813185337}
  m_Layer: 0
  m_Name: previewCameraTransform
  m_TagString: Untagged
  m_Icon: {fileID: 0}
  m_NavMeshLayer: 0
  m_StaticEditorFlags: 0
  m_IsActive: 1
--- !u!4 &6486238112813185337
Transform:
  m_ObjectHideFlags: 0
  m_CorrespondingSourceObject: {fileID: 0}
  m_PrefabInstance: {fileID: 0}
  m_PrefabAsset: {fileID: 0}
  m_GameObject: {fileID: 2692379402090975538}
  m_LocalRotation: {x: 0.5, y: 0, z: 0, w: 0.8660254}
  m_LocalPosition: {x: 0, y: 6.6, z: -3.6}
  m_LocalScale: {x: 1, y: 1, z: 1}
  m_Children: []
  m_Father: {fileID: 3949099539620166027}
  m_RootOrder: 2
  m_LocalEulerAnglesHint: {x: 0, y: 0, z: 0}
--- !u!1 &3225514545524283019
GameObject:
  m_ObjectHideFlags: 0
  m_CorrespondingSourceObject: {fileID: 0}
  m_PrefabInstance: {fileID: 0}
  m_PrefabAsset: {fileID: 0}
  serializedVersion: 6
  m_Component:
  - component: {fileID: 5145924543879682440}
  - component: {fileID: 4315248152732419880}
  m_Layer: 8
  m_Name: ToolTiphand
  m_TagString: Untagged
  m_Icon: {fileID: 0}
  m_NavMeshLayer: 0
  m_StaticEditorFlags: 0
  m_IsActive: 0
--- !u!4 &5145924543879682440
Transform:
  m_ObjectHideFlags: 0
  m_CorrespondingSourceObject: {fileID: 0}
  m_PrefabInstance: {fileID: 0}
  m_PrefabAsset: {fileID: 0}
  m_GameObject: {fileID: 3225514545524283019}
  m_LocalRotation: {x: -0, y: -0, z: -0, w: 1}
  m_LocalPosition: {x: -0.6055, y: 0, z: -0.21}
  m_LocalScale: {x: 3.5, y: 3.5, z: 1}
  m_Children:
  - {fileID: 8584425396132990564}
  m_Father: {fileID: 2060483437002783485}
  m_RootOrder: 4
  m_LocalEulerAnglesHint: {x: 0, y: 0, z: 0}
--- !u!95 &4315248152732419880
Animator:
  serializedVersion: 3
  m_ObjectHideFlags: 0
  m_CorrespondingSourceObject: {fileID: 0}
  m_PrefabInstance: {fileID: 0}
  m_PrefabAsset: {fileID: 0}
  m_GameObject: {fileID: 3225514545524283019}
  m_Enabled: 1
  m_Avatar: {fileID: 0}
  m_Controller: {fileID: 9100000, guid: a9733f645225b7b4499c4fc6d56e50d8, type: 2}
  m_CullingMode: 0
  m_UpdateMode: 0
  m_ApplyRootMotion: 0
  m_LinearVelocityBlending: 0
  m_WarningMessage: 
  m_HasTransformHierarchy: 1
  m_AllowConstantClipSamplingOptimization: 1
  m_KeepAnimatorControllerStateOnDisable: 0
--- !u!1 &3946143116714405846
GameObject:
  m_ObjectHideFlags: 0
  m_CorrespondingSourceObject: {fileID: 0}
  m_PrefabInstance: {fileID: 0}
  m_PrefabAsset: {fileID: 0}
  serializedVersion: 6
  m_Component:
  - component: {fileID: 1169862441463257480}
  - component: {fileID: 2516111432490981141}
  m_Layer: 8
  m_Name: Tutorial
  m_TagString: Untagged
  m_Icon: {fileID: 0}
  m_NavMeshLayer: 0
  m_StaticEditorFlags: 0
  m_IsActive: 0
--- !u!4 &1169862441463257480
Transform:
  m_ObjectHideFlags: 0
  m_CorrespondingSourceObject: {fileID: 0}
  m_PrefabInstance: {fileID: 0}
  m_PrefabAsset: {fileID: 0}
  m_GameObject: {fileID: 3946143116714405846}
  m_LocalRotation: {x: 0, y: 0, z: 0, w: 1}
  m_LocalPosition: {x: 0, y: 0, z: -0.01}
  m_LocalScale: {x: 3.5, y: 3.5, z: 1}
  m_Children:
  - {fileID: 4701992203679637176}
  m_Father: {fileID: 2060483437002783485}
  m_RootOrder: 5
  m_LocalEulerAnglesHint: {x: 0, y: 0, z: 0}
--- !u!212 &2516111432490981141
SpriteRenderer:
  m_ObjectHideFlags: 0
  m_CorrespondingSourceObject: {fileID: 0}
  m_PrefabInstance: {fileID: 0}
  m_PrefabAsset: {fileID: 0}
  m_GameObject: {fileID: 3946143116714405846}
  m_Enabled: 1
  m_CastShadows: 0
  m_ReceiveShadows: 0
  m_DynamicOccludee: 1
  m_MotionVectors: 1
  m_LightProbeUsage: 1
  m_ReflectionProbeUsage: 1
  m_RayTracingMode: 0
  m_RayTraceProcedural: 0
  m_RenderingLayerMask: 1
  m_RendererPriority: 0
  m_Materials:
  - {fileID: 10754, guid: 0000000000000000f000000000000000, type: 0}
  m_StaticBatchInfo:
    firstSubMesh: 0
    subMeshCount: 0
  m_StaticBatchRoot: {fileID: 0}
  m_ProbeAnchor: {fileID: 0}
  m_LightProbeVolumeOverride: {fileID: 0}
  m_ScaleInLightmap: 1
  m_ReceiveGI: 1
  m_PreserveUVs: 0
  m_IgnoreNormalsForChartDetection: 0
  m_ImportantGI: 0
  m_StitchLightmapSeams: 0
  m_SelectedEditorRenderState: 0
  m_MinimumChartSize: 4
  m_AutoUVMaxDistance: 0.5
  m_AutoUVMaxAngle: 89
  m_LightmapParameters: {fileID: 0}
  m_SortingLayerID: 1830960989
  m_SortingLayer: 3
  m_SortingOrder: 0
  m_Sprite: {fileID: 0}
  m_Color: {r: 1, g: 1, b: 1, a: 0.5882353}
  m_FlipX: 0
  m_FlipY: 0
  m_DrawMode: 0
  m_Size: {x: 5.4166665, y: 5.406901}
  m_AdaptiveModeThreshold: 0.5
  m_SpriteTileMode: 0
  m_WasSpriteAssigned: 0
  m_MaskInteraction: 0
  m_SpriteSortPoint: 0
--- !u!1 &4816525012869761667
GameObject:
  m_ObjectHideFlags: 0
  m_CorrespondingSourceObject: {fileID: 0}
  m_PrefabInstance: {fileID: 0}
  m_PrefabAsset: {fileID: 0}
  serializedVersion: 6
  m_Component:
  - component: {fileID: 3294226756356733674}
  - component: {fileID: 5373054469309479124}
  m_Layer: 8
  m_Name: Hand
  m_TagString: Untagged
  m_Icon: {fileID: 0}
  m_NavMeshLayer: 0
  m_StaticEditorFlags: 0
  m_IsActive: 1
--- !u!4 &3294226756356733674
Transform:
  m_ObjectHideFlags: 0
  m_CorrespondingSourceObject: {fileID: 0}
  m_PrefabInstance: {fileID: 0}
  m_PrefabAsset: {fileID: 0}
  m_GameObject: {fileID: 4816525012869761667}
  m_LocalRotation: {x: -0, y: -0, z: -0, w: 1}
  m_LocalPosition: {x: 0, y: -0.069, z: -0.3}
  m_LocalScale: {x: 0.05, y: 0.05, z: 1}
  m_Children: []
  m_Father: {fileID: 4701992203679637176}
  m_RootOrder: 0
  m_LocalEulerAnglesHint: {x: 0, y: 0, z: 0}
--- !u!212 &5373054469309479124
SpriteRenderer:
  m_ObjectHideFlags: 0
  m_CorrespondingSourceObject: {fileID: 0}
  m_PrefabInstance: {fileID: 0}
  m_PrefabAsset: {fileID: 0}
  m_GameObject: {fileID: 4816525012869761667}
  m_Enabled: 1
  m_CastShadows: 0
  m_ReceiveShadows: 0
  m_DynamicOccludee: 1
  m_MotionVectors: 1
  m_LightProbeUsage: 1
  m_ReflectionProbeUsage: 1
  m_RayTracingMode: 0
  m_RayTraceProcedural: 0
  m_RenderingLayerMask: 1
  m_RendererPriority: 0
  m_Materials:
  - {fileID: 10754, guid: 0000000000000000f000000000000000, type: 0}
  m_StaticBatchInfo:
    firstSubMesh: 0
    subMeshCount: 0
  m_StaticBatchRoot: {fileID: 0}
  m_ProbeAnchor: {fileID: 0}
  m_LightProbeVolumeOverride: {fileID: 0}
  m_ScaleInLightmap: 1
  m_ReceiveGI: 1
  m_PreserveUVs: 0
  m_IgnoreNormalsForChartDetection: 0
  m_ImportantGI: 0
  m_StitchLightmapSeams: 0
  m_SelectedEditorRenderState: 0
  m_MinimumChartSize: 4
  m_AutoUVMaxDistance: 0.5
  m_AutoUVMaxAngle: 89
  m_LightmapParameters: {fileID: 0}
  m_SortingLayerID: 1830960989
  m_SortingLayer: 3
  m_SortingOrder: 1
  m_Sprite: {fileID: 21300000, guid: 8ef66171d3dbd5e419741f96e6522c09, type: 3}
  m_Color: {r: 1, g: 1, b: 1, a: 1}
  m_FlipX: 0
  m_FlipY: 0
  m_DrawMode: 0
  m_Size: {x: 5.11, y: 5.11}
  m_AdaptiveModeThreshold: 0.5
  m_SpriteTileMode: 0
  m_WasSpriteAssigned: 1
  m_MaskInteraction: 0
  m_SpriteSortPoint: 0
--- !u!1 &6004219823445395135
GameObject:
  m_ObjectHideFlags: 0
  m_CorrespondingSourceObject: {fileID: 0}
  m_PrefabInstance: {fileID: 0}
  m_PrefabAsset: {fileID: 0}
  serializedVersion: 6
  m_Component:
  - component: {fileID: 3949099539620166027}
  - component: {fileID: 5998878522860090903}
  m_Layer: 0
  m_Name: tuan_circle_big_004
  m_TagString: Untagged
  m_Icon: {fileID: 0}
  m_NavMeshLayer: 0
  m_StaticEditorFlags: 0
  m_IsActive: 1
--- !u!4 &3949099539620166027
Transform:
  m_ObjectHideFlags: 0
  m_CorrespondingSourceObject: {fileID: 0}
  m_PrefabInstance: {fileID: 0}
  m_PrefabAsset: {fileID: 0}
  m_GameObject: {fileID: 6004219823445395135}
  m_LocalRotation: {x: 0, y: 0, z: 0, w: 1}
  m_LocalPosition: {x: 0, y: 0, z: 0}
  m_LocalScale: {x: 1, y: 1, z: 1}
  m_Children:
  - {fileID: 3682110535838487483}
  - {fileID: 8795753435147942585}
  - {fileID: 6486238112813185337}
  m_Father: {fileID: 0}
  m_RootOrder: 0
  m_LocalEulerAnglesHint: {x: 0, y: 0, z: 0}
--- !u!114 &5998878522860090903
MonoBehaviour:
  m_ObjectHideFlags: 0
  m_CorrespondingSourceObject: {fileID: 0}
  m_PrefabInstance: {fileID: 0}
  m_PrefabAsset: {fileID: 0}
  m_GameObject: {fileID: 6004219823445395135}
  m_Enabled: 1
  m_EditorHideFlags: 0
  m_Script: {fileID: 11500000, guid: f522867c3f9eb3e4bb325c968c25314e, type: 3}
  m_Name: 
  m_EditorClassIdentifier: 
  layers:
  - {fileID: 6384236005770663286}
  backgroundColor: {r: 0.71069187, g: 0.6745283, b: 1, a: 1}
  glitterStroke: 0
  glitterCake: 0
  newPreview: 0
  strokeRate: 0.5
  sprinkleRate: 0.5
  diskColor: {r: 0.6745098, g: 0.8862745, b: 0.846572, a: 1}
  type: 0
  previewCameraTransform: {fileID: 6486238112813185337}
  previewCameraSize: 2
  finishCameraTransform: {fileID: 8795753435147942585}
  previewScale: 1
  specialStroke: 0
  specialFill: 0
  style: 0
  FreeStyleTexture: {fileID: 0}
--- !u!1 &6173236000081076541
GameObject:
  m_ObjectHideFlags: 0
  m_CorrespondingSourceObject: {fileID: 0}
  m_PrefabInstance: {fileID: 0}
  m_PrefabAsset: {fileID: 0}
  serializedVersion: 6
  m_Component:
  - component: {fileID: 2028249941997996278}
  - component: {fileID: 4282548588922262886}
  - component: {fileID: 5878786218393616927}
  - component: {fileID: 6946635004279569592}
  m_Layer: 8
  m_Name: StrokeManual 1
  m_TagString: Untagged
  m_Icon: {fileID: 0}
  m_NavMeshLayer: 0
  m_StaticEditorFlags: 0
  m_IsActive: 1
--- !u!4 &2028249941997996278
Transform:
  m_ObjectHideFlags: 0
  m_CorrespondingSourceObject: {fileID: 0}
  m_PrefabInstance: {fileID: 0}
  m_PrefabAsset: {fileID: 0}
  m_GameObject: {fileID: 6173236000081076541}
  m_LocalRotation: {x: 0, y: 0, z: 0, w: 1}
  m_LocalPosition: {x: 0.031, y: -0.103, z: 0}
  m_LocalScale: {x: 0.90510327, y: 0.8681696, z: 1}
  m_Children: []
  m_Father: {fileID: 5345960768250973364}
  m_RootOrder: 2
  m_LocalEulerAnglesHint: {x: 0, y: 0, z: 0}
--- !u!114 &4282548588922262886
MonoBehaviour:
  m_ObjectHideFlags: 0
  m_CorrespondingSourceObject: {fileID: 0}
  m_PrefabInstance: {fileID: 0}
  m_PrefabAsset: {fileID: 0}
  m_GameObject: {fileID: 6173236000081076541}
  m_Enabled: 1
  m_EditorHideFlags: 0
  m_Script: {fileID: 11500000, guid: f6202143f93329f4596fcd4f38f4496e, type: 3}
  m_Name: 
  m_EditorClassIdentifier: 
  tip: {fileID: 4760252478746094373, guid: 0499a74804bbbed4083ca126c34374b8, type: 3}
  size:
    serializedVersion: 2
    m_Curve:
    - serializedVersion: 3
      time: 0
      value: 0.2
      inSlope: 0
      outSlope: 0
      tangentMode: 0
      weightedMode: 3
      inWeight: 0
      outWeight: 0
    - serializedVersion: 3
      time: 1
      value: 0.2
      inSlope: 0
      outSlope: 0
      tangentMode: 0
      weightedMode: 3
      inWeight: 0
      outWeight: 0
    m_PreInfinity: 2
    m_PostInfinity: 2
    m_RotationOrder: 4
  twist: 0
--- !u!114 &5878786218393616927
MonoBehaviour:
  m_ObjectHideFlags: 0
  m_CorrespondingSourceObject: {fileID: 0}
  m_PrefabInstance: {fileID: 0}
  m_PrefabAsset: {fileID: 0}
  m_GameObject: {fileID: 6173236000081076541}
  m_Enabled: 1
  m_EditorHideFlags: 0
  m_Script: {fileID: 11500000, guid: c25f2c3c6d52ab744a70ac080b3e3958, type: 3}
  m_Name: 
  m_EditorClassIdentifier: 
  svgPoints:
  - x: 0.04729734370455975
    y: 0.7670906292517825
  - x: -0.0786963065222821
    y: 1.0524642649952067
  - x: -0.34499201256024015
    y: 1.2452305706397748
  - x: -0.6430842377837991
    y: 1.2631161041531882
  - x: -0.667329071722938
    y: 1.264705929378071
  - x: -1.0441176508492622
    y: 1.2810016376666018
  - x: -1.2825914007046002
    y: 0.9896661574187066
  - x: -1.5000000000000002
    y: 0.7241653366901863
  - x: -1.4447535681938655
    y: 0.395468988473079
  - x: -1.4217011058089277
    y: 0.2575516643990494
  - x: -1.370429244586651
    y: -0.0472973058001732
  - x: -1.2118441822838932
    y: -0.24085854223944303
  - x: -0.9213036176689449
    y: -0.5858505927040697
  - x: -0.7678854918185885
    y: -0.7678855752082389
  - x: -0.5357710063798087
    y: -1.018283059557783
  - x: -0.21224160219598004
    y: -1.2810016376666018
  - x: 0.17766296168471477
    y: -1.130763083377506
  - x: 0.47019070166887106
    y: -0.9455485444738309
  - x: 0.6728934148208912
    y: -0.794515150360561
  - x: 1.0635929701433062
    y: -0.5035771506717711
  - x: 1.3879172747983273
    y: -0.2623211885202411
  - x: 1.4423688364567788
    y: 0.13712239327932788
  - x: 1.4475357681711318
    y: 0.17607311146662732
  - x: 1.5000000000000002
    y: 0.6077106588969549
  - x: 1.21065181641535
    y: 0.8553259157885522
  - x: 0.9340222526343436
    y: 1.0918124751129274
  - x: 0.4439586828844274
    y: 1.0767091235721968
  - x: 0.04729734370455975
    y: 0.7670906292517825
  - x: 0
    y: 0
  - x: 0
    y: 0
  svgCommands: 010000000400000004000000040000000400000004000000040000000400000004000000040000000400000004000000040000000400000004000000040000000400000004000000040000000400000004000000040000000400000004000000040000000400000004000000040000004f00000000000000
  reverse: 0
  offset: 0
--- !u!114 &6946635004279569592
MonoBehaviour:
  m_ObjectHideFlags: 0
  m_CorrespondingSourceObject: {fileID: 0}
  m_PrefabInstance: {fileID: 0}
  m_PrefabAsset: {fileID: 0}
  m_GameObject: {fileID: 6173236000081076541}
  m_Enabled: 1
  m_EditorHideFlags: 0
  m_Script: {fileID: 11500000, guid: 5120595cb07379d488e526d799bc1e6d, type: 3}
  m_Name: 
  m_EditorClassIdentifier: 
  path: {fileID: 5878786218393616927}
  sections:
  - weight: 1
    colors: 01000000
  options:
  - colors:
    - {r: 0.44313726, g: 0.3529412, b: 1, a: 1}
    gradient: 0
  - colors:
    - {r: 0.986, g: 0.28298193, b: 0.3266477, a: 1}
    - {r: 1, g: 0.8820755, b: 0.9445638, a: 1}
    gradient: 0
  brush: {fileID: 4282548588922262886}
  material: {fileID: 2100000, guid: 108036d14a7415f4b95df06c69a79ceb, type: 2}
--- !u!1 &6233572950860781142
GameObject:
  m_ObjectHideFlags: 0
  m_CorrespondingSourceObject: {fileID: 0}
  m_PrefabInstance: {fileID: 0}
  m_PrefabAsset: {fileID: 0}
  serializedVersion: 6
  m_Component:
  - component: {fileID: 8584425396132990564}
  - component: {fileID: 1480822788071658782}
  m_Layer: 8
  m_Name: Hand
  m_TagString: Untagged
  m_Icon: {fileID: 0}
  m_NavMeshLayer: 0
  m_StaticEditorFlags: 0
  m_IsActive: 1
--- !u!4 &8584425396132990564
Transform:
  m_ObjectHideFlags: 0
  m_CorrespondingSourceObject: {fileID: 0}
  m_PrefabInstance: {fileID: 0}
  m_PrefabAsset: {fileID: 0}
  m_GameObject: {fileID: 6233572950860781142}
  m_LocalRotation: {x: -0, y: -0, z: -0, w: 1}
  m_LocalPosition: {x: 0, y: -0.069, z: 0}
  m_LocalScale: {x: 0.05, y: 0.05, z: 1}
  m_Children: []
  m_Father: {fileID: 5145924543879682440}
  m_RootOrder: 0
  m_LocalEulerAnglesHint: {x: 0, y: 0, z: 0}
--- !u!212 &1480822788071658782
SpriteRenderer:
  m_ObjectHideFlags: 0
  m_CorrespondingSourceObject: {fileID: 0}
  m_PrefabInstance: {fileID: 0}
  m_PrefabAsset: {fileID: 0}
  m_GameObject: {fileID: 6233572950860781142}
  m_Enabled: 1
  m_CastShadows: 0
  m_ReceiveShadows: 0
  m_DynamicOccludee: 1
  m_MotionVectors: 1
  m_LightProbeUsage: 1
  m_ReflectionProbeUsage: 1
  m_RayTracingMode: 0
  m_RayTraceProcedural: 0
  m_RenderingLayerMask: 1
  m_RendererPriority: 0
  m_Materials:
  - {fileID: 10754, guid: 0000000000000000f000000000000000, type: 0}
  m_StaticBatchInfo:
    firstSubMesh: 0
    subMeshCount: 0
  m_StaticBatchRoot: {fileID: 0}
  m_ProbeAnchor: {fileID: 0}
  m_LightProbeVolumeOverride: {fileID: 0}
  m_ScaleInLightmap: 1
  m_ReceiveGI: 1
  m_PreserveUVs: 0
  m_IgnoreNormalsForChartDetection: 0
  m_ImportantGI: 0
  m_StitchLightmapSeams: 0
  m_SelectedEditorRenderState: 0
  m_MinimumChartSize: 4
  m_AutoUVMaxDistance: 0.5
  m_AutoUVMaxAngle: 89
  m_LightmapParameters: {fileID: 0}
  m_SortingLayerID: 1830960989
  m_SortingLayer: 3
  m_SortingOrder: 1
  m_Sprite: {fileID: 21300000, guid: 8ef66171d3dbd5e419741f96e6522c09, type: 3}
  m_Color: {r: 1, g: 1, b: 1, a: 1}
  m_FlipX: 0
  m_FlipY: 0
  m_DrawMode: 0
  m_Size: {x: 5.11, y: 5.11}
  m_AdaptiveModeThreshold: 0.5
  m_SpriteTileMode: 0
  m_WasSpriteAssigned: 1
  m_MaskInteraction: 0
  m_SpriteSortPoint: 0
--- !u!1 &7016536268956198393
GameObject:
  m_ObjectHideFlags: 0
  m_CorrespondingSourceObject: {fileID: 0}
  m_PrefabInstance: {fileID: 0}
  m_PrefabAsset: {fileID: 0}
  serializedVersion: 6
  m_Component:
  - component: {fileID: 8795753435147942585}
  m_Layer: 0
  m_Name: finishCameraTransform
  m_TagString: Untagged
  m_Icon: {fileID: 0}
  m_NavMeshLayer: 0
  m_StaticEditorFlags: 0
  m_IsActive: 1
--- !u!4 &8795753435147942585
Transform:
  m_ObjectHideFlags: 0
  m_CorrespondingSourceObject: {fileID: 0}
  m_PrefabInstance: {fileID: 0}
  m_PrefabAsset: {fileID: 0}
  m_GameObject: {fileID: 7016536268956198393}
  m_LocalRotation: {x: 0.5, y: 0, z: 0, w: 0.8660254}
  m_LocalPosition: {x: 0, y: 6.6, z: -3.6}
  m_LocalScale: {x: 1, y: 1, z: 1}
  m_Children: []
  m_Father: {fileID: 3949099539620166027}
  m_RootOrder: 1
  m_LocalEulerAnglesHint: {x: 0, y: 0, z: 0}
--- !u!1 &7448489754491197750
GameObject:
  m_ObjectHideFlags: 0
  m_CorrespondingSourceObject: {fileID: 0}
  m_PrefabInstance: {fileID: 0}
  m_PrefabAsset: {fileID: 0}
  serializedVersion: 6
  m_Component:
  - component: {fileID: 5200485473351973404}
  - component: {fileID: 3810112851503675317}
  - component: {fileID: 4127866622715379064}
  - component: {fileID: 3010642490216201203}
  - component: {fileID: 894571861519933971}
  m_Layer: 16
  m_Name: Area
  m_TagString: Untagged
  m_Icon: {fileID: 0}
  m_NavMeshLayer: 0
  m_StaticEditorFlags: 0
  m_IsActive: 1
--- !u!4 &5200485473351973404
Transform:
  m_ObjectHideFlags: 0
  m_CorrespondingSourceObject: {fileID: 0}
  m_PrefabInstance: {fileID: 0}
  m_PrefabAsset: {fileID: 0}
  m_GameObject: {fileID: 7448489754491197750}
  m_LocalRotation: {x: -0.7071068, y: -0, z: -0, w: 0.7071068}
  m_LocalPosition: {x: 0, y: 0, z: 0.05}
  m_LocalScale: {x: 1, y: 1, z: 1}
  m_Children: []
  m_Father: {fileID: 2060483437002783485}
  m_RootOrder: 0
  m_LocalEulerAnglesHint: {x: 0, y: 0, z: 0}
--- !u!23 &3810112851503675317
MeshRenderer:
  m_ObjectHideFlags: 0
  m_CorrespondingSourceObject: {fileID: 0}
  m_PrefabInstance: {fileID: 0}
  m_PrefabAsset: {fileID: 0}
  m_GameObject: {fileID: 7448489754491197750}
  m_Enabled: 1
  m_CastShadows: 1
  m_ReceiveShadows: 1
  m_DynamicOccludee: 1
  m_MotionVectors: 1
  m_LightProbeUsage: 1
  m_ReflectionProbeUsage: 1
  m_RayTracingMode: 2
  m_RayTraceProcedural: 0
  m_RenderingLayerMask: 1
  m_RendererPriority: 0
  m_Materials:
  - {fileID: 2100000, guid: 1d6bb86611de6314f95733bfbbf79b34, type: 2}
  m_StaticBatchInfo:
    firstSubMesh: 0
    subMeshCount: 0
  m_StaticBatchRoot: {fileID: 0}
  m_ProbeAnchor: {fileID: 0}
  m_LightProbeVolumeOverride: {fileID: 0}
  m_ScaleInLightmap: 1
  m_ReceiveGI: 1
  m_PreserveUVs: 0
  m_IgnoreNormalsForChartDetection: 0
  m_ImportantGI: 0
  m_StitchLightmapSeams: 0
  m_SelectedEditorRenderState: 3
  m_MinimumChartSize: 4
  m_AutoUVMaxDistance: 0.5
  m_AutoUVMaxAngle: 89
  m_LightmapParameters: {fileID: 0}
  m_SortingLayerID: 0
  m_SortingLayer: 0
  m_SortingOrder: 0
  m_AdditionalVertexStreams: {fileID: 0}
--- !u!33 &4127866622715379064
MeshFilter:
  m_ObjectHideFlags: 0
  m_CorrespondingSourceObject: {fileID: 0}
  m_PrefabInstance: {fileID: 0}
  m_PrefabAsset: {fileID: 0}
  m_GameObject: {fileID: 7448489754491197750}
  m_Mesh: {fileID: 0}
--- !u!114 &3010642490216201203
MonoBehaviour:
  m_ObjectHideFlags: 0
  m_CorrespondingSourceObject: {fileID: 0}
  m_PrefabInstance: {fileID: 0}
  m_PrefabAsset: {fileID: 0}
  m_GameObject: {fileID: 7448489754491197750}
  m_Enabled: 1
  m_EditorHideFlags: 0
  m_Script: {fileID: 11500000, guid: e27985c4b7446fd4f953cfd03b4886ab, type: 3}
  m_Name: 
  m_EditorClassIdentifier: 
--- !u!65 &894571861519933971
BoxCollider:
  m_ObjectHideFlags: 0
  m_CorrespondingSourceObject: {fileID: 0}
  m_PrefabInstance: {fileID: 0}
  m_PrefabAsset: {fileID: 0}
  m_GameObject: {fileID: 7448489754491197750}
  m_Material: {fileID: 0}
  m_IsTrigger: 0
  m_Enabled: 1
  serializedVersion: 2
  m_Size: {x: 100, y: 1, z: 100}
  m_Center: {x: -0.84074354, y: -0.5, z: 0.16904497}
--- !u!1 &7702089349300552125
GameObject:
  m_ObjectHideFlags: 0
  m_CorrespondingSourceObject: {fileID: 0}
  m_PrefabInstance: {fileID: 0}
  m_PrefabAsset: {fileID: 0}
  serializedVersion: 6
  m_Component:
  - component: {fileID: 4884595498441830060}
  - component: {fileID: 2836456893928121982}
  m_Layer: 17
  m_Name: EditorPreview
  m_TagString: Untagged
  m_Icon: {fileID: 0}
  m_NavMeshLayer: 0
  m_StaticEditorFlags: 0
  m_IsActive: 1
--- !u!4 &4884595498441830060
Transform:
  m_ObjectHideFlags: 0
  m_CorrespondingSourceObject: {fileID: 0}
  m_PrefabInstance: {fileID: 0}
  m_PrefabAsset: {fileID: 0}
  m_GameObject: {fileID: 7702089349300552125}
  m_LocalRotation: {x: -0, y: -0, z: -0, w: 1}
  m_LocalPosition: {x: 0, y: 0, z: -0.001}
  m_LocalScale: {x: 3.735, y: 3.735, z: 1.1}
  m_Children: []
  m_Father: {fileID: 2060483437002783485}
  m_RootOrder: 1
  m_LocalEulerAnglesHint: {x: 0, y: 0, z: 0}
--- !u!212 &2836456893928121982
SpriteRenderer:
  m_ObjectHideFlags: 0
  m_CorrespondingSourceObject: {fileID: 0}
  m_PrefabInstance: {fileID: 0}
  m_PrefabAsset: {fileID: 0}
  m_GameObject: {fileID: 7702089349300552125}
  m_Enabled: 1
  m_CastShadows: 0
  m_ReceiveShadows: 0
  m_DynamicOccludee: 1
  m_MotionVectors: 1
  m_LightProbeUsage: 1
  m_ReflectionProbeUsage: 1
  m_RayTracingMode: 0
  m_RayTraceProcedural: 0
  m_RenderingLayerMask: 1
  m_RendererPriority: 0
  m_Materials:
  - {fileID: 10754, guid: 0000000000000000f000000000000000, type: 0}
  m_StaticBatchInfo:
    firstSubMesh: 0
    subMeshCount: 0
  m_StaticBatchRoot: {fileID: 0}
  m_ProbeAnchor: {fileID: 0}
  m_LightProbeVolumeOverride: {fileID: 0}
  m_ScaleInLightmap: 1
  m_ReceiveGI: 1
  m_PreserveUVs: 0
  m_IgnoreNormalsForChartDetection: 0
  m_ImportantGI: 0
  m_StitchLightmapSeams: 0
  m_SelectedEditorRenderState: 0
  m_MinimumChartSize: 4
  m_AutoUVMaxDistance: 0.5
  m_AutoUVMaxAngle: 89
  m_LightmapParameters: {fileID: 0}
  m_SortingLayerID: 0
  m_SortingLayer: 0
  m_SortingOrder: 0
  m_Sprite: {fileID: 0}
  m_Color: {r: 1, g: 0.88682115, b: 0.1745283, a: 1}
  m_FlipX: 0
  m_FlipY: 0
  m_DrawMode: 0
  m_Size: {x: 1, y: 1}
  m_AdaptiveModeThreshold: 0.5
  m_SpriteTileMode: 0
  m_WasSpriteAssigned: 0
  m_MaskInteraction: 0
  m_SpriteSortPoint: 0
--- !u!1 &8312878935273374549
GameObject:
  m_ObjectHideFlags: 0
  m_CorrespondingSourceObject: {fileID: 0}
  m_PrefabInstance: {fileID: 0}
  m_PrefabAsset: {fileID: 0}
  serializedVersion: 6
  m_Component:
  - component: {fileID: 7023331149917645243}
  - component: {fileID: 1181477039741449644}
  - component: {fileID: 5617839050421405867}
  m_Layer: 0
  m_Name: RenderCamera
  m_TagString: Untagged
  m_Icon: {fileID: 0}
  m_NavMeshLayer: 0
  m_StaticEditorFlags: 0
  m_IsActive: 0
--- !u!4 &7023331149917645243
Transform:
  m_ObjectHideFlags: 0
  m_CorrespondingSourceObject: {fileID: 0}
  m_PrefabInstance: {fileID: 0}
  m_PrefabAsset: {fileID: 0}
  m_GameObject: {fileID: 8312878935273374549}
  m_LocalRotation: {x: 0, y: 0, z: 0, w: 1}
  m_LocalPosition: {x: 0, y: 0, z: 5}
  m_LocalScale: {x: 1, y: 1, z: 1}
  m_Children: []
  m_Father: {fileID: 2060483437002783485}
  m_RootOrder: 2
  m_LocalEulerAnglesHint: {x: 0, y: 0, z: 0}
--- !u!20 &1181477039741449644
Camera:
  m_ObjectHideFlags: 0
  m_CorrespondingSourceObject: {fileID: 0}
  m_PrefabInstance: {fileID: 0}
  m_PrefabAsset: {fileID: 0}
  m_GameObject: {fileID: 8312878935273374549}
  m_Enabled: 1
  serializedVersion: 2
  m_ClearFlags: 3
  m_BackGroundColor: {r: 0.19215687, g: 0.3019608, b: 0.4745098, a: 0}
  m_projectionMatrixMode: 1
  m_GateFitMode: 2
  m_FOVAxisMode: 0
  m_SensorSize: {x: 36, y: 24}
  m_LensShift: {x: 0, y: 0}
  m_FocalLength: 50
  m_NormalizedViewPortRect:
    serializedVersion: 2
    x: 0
    y: 0
    width: 1
    height: 1
  near clip plane: 0.3
  far clip plane: 1000
  field of view: 164.2
  orthographic: 1
  orthographic size: 0.5
  m_Depth: 0
  m_CullingMask:
    serializedVersion: 2
    m_Bits: 16384
  m_RenderingPath: -1
  m_TargetTexture: {fileID: 0}
  m_TargetDisplay: 0
  m_TargetEye: 3
  m_HDR: 0
  m_AllowMSAA: 0
  m_AllowDynamicResolution: 0
  m_ForceIntoRT: 0
  m_OcclusionCulling: 0
  m_StereoConvergence: 10
  m_StereoSeparation: 0.022
--- !u!114 &5617839050421405867
MonoBehaviour:
  m_ObjectHideFlags: 0
  m_CorrespondingSourceObject: {fileID: 0}
  m_PrefabInstance: {fileID: 0}
  m_PrefabAsset: {fileID: 0}
  m_GameObject: {fileID: 8312878935273374549}
  m_Enabled: 1
  m_EditorHideFlags: 0
  m_Script: {fileID: 11500000, guid: 00f5e22643ec3c447882201517f878f9, type: 3}
  m_Name: 
  m_EditorClassIdentifier: 
  fillElementPrefab: {fileID: 8661648435844971284, guid: 2b681b85528ec23488181b02228d9e98,
    type: 3}
  renderCamera: {fileID: 1181477039741449644}
  elements: []
--- !u!1001 &6025516577557409723
PrefabInstance:
  m_ObjectHideFlags: 0
  serializedVersion: 2
  m_Modification:
    m_TransformParent: {fileID: 3949099539620166027}
    m_Modifications:
    - target: {fileID: 794801451098536653, guid: e59787b2cde738543a19b0a68286a136,
        type: 3}
      propertyPath: type
      value: 0
      objectReference: {fileID: 0}
    - target: {fileID: 794801451098536653, guid: e59787b2cde738543a19b0a68286a136,
        type: 3}
      propertyPath: vipCake
      value: 
      objectReference: {fileID: 794801451098536653, guid: 9d71753fb54ed01409147de713f51f66,
        type: 3}
    - target: {fileID: 794801451098536653, guid: e59787b2cde738543a19b0a68286a136,
        type: 3}
      propertyPath: normalCake
      value: 
      objectReference: {fileID: 794801451098536653, guid: 93de317274ef81f42972b4b3c2da3efb,
        type: 3}
    - target: {fileID: 794801451098536653, guid: e59787b2cde738543a19b0a68286a136,
        type: 3}
      propertyPath: cakeColor.b
      value: 0.41869882
      objectReference: {fileID: 0}
    - target: {fileID: 794801451098536653, guid: e59787b2cde738543a19b0a68286a136,
        type: 3}
      propertyPath: cakeColor.g
      value: 0.9150943
      objectReference: {fileID: 0}
    - target: {fileID: 794801451098536653, guid: e59787b2cde738543a19b0a68286a136,
        type: 3}
      propertyPath: cakeColor.r
      value: 0.7757205
      objectReference: {fileID: 0}
    - target: {fileID: 794801451098536653, guid: e59787b2cde738543a19b0a68286a136,
        type: 3}
      propertyPath: cakeTexture
      value: 
      objectReference: {fileID: 0}
    - target: {fileID: 794801451098536653, guid: e59787b2cde738543a19b0a68286a136,
        type: 3}
      propertyPath: diskColor.b
      value: 0.846572
      objectReference: {fileID: 0}
    - target: {fileID: 794801451098536653, guid: e59787b2cde738543a19b0a68286a136,
        type: 3}
      propertyPath: diskColor.g
      value: 0.8862745
      objectReference: {fileID: 0}
    - target: {fileID: 794801451098536653, guid: e59787b2cde738543a19b0a68286a136,
        type: 3}
      propertyPath: diskColor.r
      value: 0.6745098
      objectReference: {fileID: 0}
    - target: {fileID: 794801451098536653, guid: e59787b2cde738543a19b0a68286a136,
        type: 3}
      propertyPath: toppingColor.b
      value: 0.41960788
      objectReference: {fileID: 0}
    - target: {fileID: 794801451098536653, guid: e59787b2cde738543a19b0a68286a136,
        type: 3}
      propertyPath: toppingColor.g
      value: 0.91372555
      objectReference: {fileID: 0}
    - target: {fileID: 794801451098536653, guid: e59787b2cde738543a19b0a68286a136,
        type: 3}
      propertyPath: toppingColor.r
      value: 0.77647066
      objectReference: {fileID: 0}
    - target: {fileID: 794801451098536653, guid: e59787b2cde738543a19b0a68286a136,
        type: 3}
      propertyPath: toppingTexture
      value: 
      objectReference: {fileID: 0}
    - target: {fileID: 794801451098536653, guid: e59787b2cde738543a19b0a68286a136,
        type: 3}
      propertyPath: normalCakeColor.b
      value: 0.9024564
      objectReference: {fileID: 0}
    - target: {fileID: 794801451098536653, guid: e59787b2cde738543a19b0a68286a136,
        type: 3}
      propertyPath: normalCakeColor.g
      value: 0.9811321
      objectReference: {fileID: 0}
    - target: {fileID: 794801451098536653, guid: e59787b2cde738543a19b0a68286a136,
        type: 3}
      propertyPath: normalCakeColor.r
      value: 0.95927775
      objectReference: {fileID: 0}
    - target: {fileID: 794801451098536653, guid: e59787b2cde738543a19b0a68286a136,
        type: 3}
      propertyPath: normalCakeTexture
      value: 
      objectReference: {fileID: 2800000, guid: 6c1aa49ba04544146bcc181c20375c3c, type: 3}
    - target: {fileID: 794801451098536653, guid: e59787b2cde738543a19b0a68286a136,
        type: 3}
      propertyPath: normalToppingColor.b
      value: 0.8915094
      objectReference: {fileID: 0}
    - target: {fileID: 794801451098536653, guid: e59787b2cde738543a19b0a68286a136,
        type: 3}
      propertyPath: normalToppingColor.g
      value: 1
      objectReference: {fileID: 0}
    - target: {fileID: 794801451098536653, guid: e59787b2cde738543a19b0a68286a136,
        type: 3}
      propertyPath: normalToppingColor.r
      value: 0.97713387
      objectReference: {fileID: 0}
    - target: {fileID: 794801451098536653, guid: e59787b2cde738543a19b0a68286a136,
        type: 3}
      propertyPath: normalToppingTexture
      value: 
      objectReference: {fileID: 2800000, guid: 92fc03b6566e1da42b3de4394c3b317b, type: 3}
    - target: {fileID: 794801451098536653, guid: e59787b2cde738543a19b0a68286a136,
        type: 3}
      propertyPath: cakeColors.Array.size
      value: 2
      objectReference: {fileID: 0}
    - target: {fileID: 794801451098536653, guid: e59787b2cde738543a19b0a68286a136,
        type: 3}
      propertyPath: cakeTextures.Array.size
      value: 2
      objectReference: {fileID: 0}
    - target: {fileID: 794801451098536653, guid: e59787b2cde738543a19b0a68286a136,
        type: 3}
      propertyPath: toppingColors.Array.size
      value: 2
      objectReference: {fileID: 0}
    - target: {fileID: 794801451098536653, guid: e59787b2cde738543a19b0a68286a136,
        type: 3}
      propertyPath: cakeColors.Array.data[0].b
      value: 0
      objectReference: {fileID: 0}
    - target: {fileID: 794801451098536653, guid: e59787b2cde738543a19b0a68286a136,
        type: 3}
      propertyPath: cakeColors.Array.data[0].g
      value: 1
      objectReference: {fileID: 0}
    - target: {fileID: 794801451098536653, guid: e59787b2cde738543a19b0a68286a136,
        type: 3}
      propertyPath: cakeColors.Array.data[0].r
      value: 0.30111146
      objectReference: {fileID: 0}
    - target: {fileID: 794801451098536653, guid: e59787b2cde738543a19b0a68286a136,
        type: 3}
      propertyPath: cakeColors.Array.data[1].b
      value: 1
      objectReference: {fileID: 0}
    - target: {fileID: 794801451098536653, guid: e59787b2cde738543a19b0a68286a136,
        type: 3}
      propertyPath: cakeColors.Array.data[1].g
      value: 0
      objectReference: {fileID: 0}
    - target: {fileID: 794801451098536653, guid: e59787b2cde738543a19b0a68286a136,
        type: 3}
      propertyPath: cakeColors.Array.data[1].r
      value: 0.85714483
      objectReference: {fileID: 0}
    - target: {fileID: 794801451098536653, guid: e59787b2cde738543a19b0a68286a136,
        type: 3}
      propertyPath: cakeTextures.Array.data[0]
      value: 
      objectReference: {fileID: 2800000, guid: 250388efa3de1e147803831dc02abdbc, type: 3}
    - target: {fileID: 794801451098536653, guid: e59787b2cde738543a19b0a68286a136,
        type: 3}
      propertyPath: cakeTextures.Array.data[1]
      value: 
      objectReference: {fileID: 2800000, guid: abe8139f9f4cac041b71116215957be1, type: 3}
    - target: {fileID: 794801451098536653, guid: e59787b2cde738543a19b0a68286a136,
        type: 3}
      propertyPath: toppingTextures.Array.size
      value: 2
      objectReference: {fileID: 0}
    - target: {fileID: 794801451098536653, guid: e59787b2cde738543a19b0a68286a136,
        type: 3}
      propertyPath: toppingColors.Array.data[0].b
      value: 1
      objectReference: {fileID: 0}
    - target: {fileID: 794801451098536653, guid: e59787b2cde738543a19b0a68286a136,
        type: 3}
      propertyPath: toppingColors.Array.data[0].g
      value: 1
      objectReference: {fileID: 0}
    - target: {fileID: 794801451098536653, guid: e59787b2cde738543a19b0a68286a136,
        type: 3}
      propertyPath: toppingColors.Array.data[0].r
      value: 1
      objectReference: {fileID: 0}
    - target: {fileID: 794801451098536653, guid: e59787b2cde738543a19b0a68286a136,
        type: 3}
      propertyPath: toppingColors.Array.data[1].b
      value: 0.6839622
      objectReference: {fileID: 0}
    - target: {fileID: 794801451098536653, guid: e59787b2cde738543a19b0a68286a136,
        type: 3}
      propertyPath: toppingColors.Array.data[1].g
      value: 0.6839622
      objectReference: {fileID: 0}
    - target: {fileID: 794801451098536653, guid: e59787b2cde738543a19b0a68286a136,
        type: 3}
      propertyPath: toppingColors.Array.data[1].r
      value: 1
      objectReference: {fileID: 0}
    - target: {fileID: 794801451098536653, guid: e59787b2cde738543a19b0a68286a136,
        type: 3}
      propertyPath: toppingTextures.Array.data[0]
      value: 
      objectReference: {fileID: 2800000, guid: be5a9b2a134d6bd44b15f2447b1af9f7, type: 3}
    - target: {fileID: 794801451098536653, guid: e59787b2cde738543a19b0a68286a136,
        type: 3}
      propertyPath: toppingTextures.Array.data[1]
      value: 
      objectReference: {fileID: 2800000, guid: 5918e19f82e9cd6469c6ea8e44770c97, type: 3}
    - target: {fileID: 1341202605574904496, guid: e59787b2cde738543a19b0a68286a136,
        type: 3}
      propertyPath: m_Name
      value: CircleLRounded
      objectReference: {fileID: 0}
    - target: {fileID: 1341202605574904496, guid: e59787b2cde738543a19b0a68286a136,
        type: 3}
      propertyPath: m_IsActive
      value: 1
      objectReference: {fileID: 0}
    - target: {fileID: 3474564350304943866, guid: e59787b2cde738543a19b0a68286a136,
        type: 3}
      propertyPath: m_RootOrder
      value: 5
      objectReference: {fileID: 0}
    - target: {fileID: 4357451634405699906, guid: e59787b2cde738543a19b0a68286a136,
        type: 3}
      propertyPath: m_RootOrder
      value: 4
      objectReference: {fileID: 0}
    - target: {fileID: 6955690194484411392, guid: e59787b2cde738543a19b0a68286a136,
        type: 3}
      propertyPath: m_RootOrder
      value: 0
      objectReference: {fileID: 0}
    - target: {fileID: 6955690194484411392, guid: e59787b2cde738543a19b0a68286a136,
        type: 3}
      propertyPath: m_LocalEulerAnglesHint.x
      value: 0
      objectReference: {fileID: 0}
    - target: {fileID: 6955690194484411392, guid: e59787b2cde738543a19b0a68286a136,
        type: 3}
      propertyPath: m_LocalEulerAnglesHint.y
      value: 0
      objectReference: {fileID: 0}
    - target: {fileID: 6955690194484411392, guid: e59787b2cde738543a19b0a68286a136,
        type: 3}
      propertyPath: m_LocalEulerAnglesHint.z
      value: 0
      objectReference: {fileID: 0}
    m_RemovedComponents: []
  m_SourcePrefab: {fileID: 100100000, guid: e59787b2cde738543a19b0a68286a136, type: 3}
--- !u!4 &5345960768250973364 stripped
Transform:
  m_CorrespondingSourceObject: {fileID: 1850493022598292239, guid: e59787b2cde738543a19b0a68286a136,
    type: 3}
  m_PrefabInstance: {fileID: 6025516577557409723}
  m_PrefabAsset: {fileID: 0}
--- !u!114 &6384236005770663286 stripped
MonoBehaviour:
  m_CorrespondingSourceObject: {fileID: 794801451098536653, guid: e59787b2cde738543a19b0a68286a136,
    type: 3}
  m_PrefabInstance: {fileID: 6025516577557409723}
  m_PrefabAsset: {fileID: 0}
  m_GameObject: {fileID: 0}
  m_Enabled: 0
  m_EditorHideFlags: 0
  m_Script: {fileID: 11500000, guid: d931adf55ff26eb4dab04b81b53ef544, type: 3}
  m_Name: 
  m_EditorClassIdentifier: 
--- !u!4 &3682110535838487483 stripped
Transform:
  m_CorrespondingSourceObject: {fileID: 6955690194484411392, guid: e59787b2cde738543a19b0a68286a136,
    type: 3}
  m_PrefabInstance: {fileID: 6025516577557409723}
  m_PrefabAsset: {fileID: 0}
