%YAML 1.1
%TAG !u! tag:unity3d.com,2011:
--- !u!1 &1659314455824205811
GameObject:
  m_ObjectHideFlags: 0
  m_CorrespondingSourceObject: {fileID: 0}
  m_PrefabInstance: {fileID: 0}
  m_PrefabAsset: {fileID: 0}
  serializedVersion: 6
  m_Component:
  - component: {fileID: 4705822009240629078}
  - component: {fileID: 6668876888059276734}
  m_Layer: 8
  m_Name: Option
  m_TagString: Untagged
  m_Icon: {fileID: 0}
  m_NavMeshLayer: 0
  m_StaticEditorFlags: 0
  m_IsActive: 1
--- !u!4 &4705822009240629078
Transform:
  m_ObjectHideFlags: 0
  m_CorrespondingSourceObject: {fileID: 0}
  m_PrefabInstance: {fileID: 0}
  m_PrefabAsset: {fileID: 0}
  m_GameObject: {fileID: 1659314455824205811}
  m_LocalRotation: {x: -0, y: -0, z: -0, w: 1}
  m_LocalPosition: {x: 0, y: 0, z: 0}
  m_LocalScale: {x: 1, y: 1, z: 1}
  m_Children: []
  m_Father: {fileID: 723856065939217359}
  m_RootOrder: 1
  m_LocalEulerAnglesHint: {x: 0, y: 0, z: 0}
--- !u!114 &6668876888059276734
MonoBehaviour:
  m_ObjectHideFlags: 0
  m_CorrespondingSourceObject: {fileID: 0}
  m_PrefabInstance: {fileID: 0}
  m_PrefabAsset: {fileID: 0}
  m_GameObject: {fileID: 1659314455824205811}
  m_Enabled: 0
  m_EditorHideFlags: 0
  m_Script: {fileID: 11500000, guid: 552fb6fa4deaccb46ba7fa59819fc06a, type: 3}
  m_Name: 
  m_EditorClassIdentifier: 
  special: 0
  objects:
  - {fileID: 114341512539009476, guid: bb4e3d57a53b5cb40ba1e08992ac3b25, type: 3}
  - {fileID: 2647852329520218456, guid: 8d4f907bba59f6e42b73731e08670013, type: 3}
  objectSizeX:
    serializedVersion: 2
    m_Curve:
    - serializedVersion: 3
      time: 0.010008693
      value: 0.101731755
      inSlope: 0
      outSlope: 0
      tangentMode: 0
      weightedMode: 3
      inWeight: 0
      outWeight: 0
    - serializedVersion: 3
      time: 1.0100087
      value: 0.101731755
      inSlope: 0
      outSlope: 0
      tangentMode: 0
      weightedMode: 3
      inWeight: 0
      outWeight: 0
    m_PreInfinity: 2
    m_PostInfinity: 2
    m_RotationOrder: 4
  objectSizeY:
    serializedVersion: 2
    m_Curve:
    - serializedVersion: 3
      time: -0.017482698
      value: 0.10052059
      inSlope: 0
      outSlope: 0
      tangentMode: 0
      weightedMode: 3
      inWeight: 0
      outWeight: 0
    - serializedVersion: 3
      time: 0.9825173
      value: 0.10052059
      inSlope: 0
      outSlope: 0
      tangentMode: 0
      weightedMode: 3
      inWeight: 0
      outWeight: 0
    m_PreInfinity: 2
    m_PostInfinity: 2
    m_RotationOrder: 4
  objectSizeZ:
    serializedVersion: 2
    m_Curve:
    - serializedVersion: 3
      time: 0
      value: 0.1
      inSlope: 0
      outSlope: 0
      tangentMode: 0
      weightedMode: 3
      inWeight: 0
      outWeight: 0
    - serializedVersion: 3
      time: 1
      value: 0.12
      inSlope: 0
      outSlope: 0
      tangentMode: 0
      weightedMode: 3
      inWeight: 0
      outWeight: 0
    m_PreInfinity: 2
    m_PostInfinity: 2
    m_RotationOrder: 4
  rotationX:
    serializedVersion: 2
    m_Curve:
    - serializedVersion: 3
      time: 0
      value: 0
      inSlope: 0
      outSlope: 0
      tangentMode: 0
      weightedMode: 3
      inWeight: 0
      outWeight: 0
    - serializedVersion: 3
      time: 1
      value: 0
      inSlope: 0
      outSlope: 0
      tangentMode: 0
      weightedMode: 3
      inWeight: 0
      outWeight: 0
    m_PreInfinity: 2
    m_PostInfinity: 2
    m_RotationOrder: 4
  rotationY:
    serializedVersion: 2
    m_Curve:
    - serializedVersion: 3
      time: 0
      value: 0
      inSlope: 0
      outSlope: 0
      tangentMode: 0
      weightedMode: 3
      inWeight: 0
      outWeight: 0
    - serializedVersion: 3
      time: 1
      value: 0
      inSlope: 0
      outSlope: 0
      tangentMode: 0
      weightedMode: 3
      inWeight: 0
      outWeight: 0
    m_PreInfinity: 2
    m_PostInfinity: 2
    m_RotationOrder: 4
  rotationZ:
    serializedVersion: 2
    m_Curve:
    - serializedVersion: 3
      time: 0
      value: 0
      inSlope: 0
      outSlope: 0
      tangentMode: 0
      weightedMode: 3
      inWeight: 0
      outWeight: 0
    - serializedVersion: 3
      time: 1
      value: 360
      inSlope: 0
      outSlope: 0
      tangentMode: 0
      weightedMode: 3
      inWeight: 0
      outWeight: 0
    m_PreInfinity: 2
    m_PostInfinity: 2
    m_RotationOrder: 4
  color:
    serializedVersion: 2
    key0: {r: 0.0039215623, g: 0.99215686, b: 0.8804583, a: 1}
    key1: {r: 0, g: 0.2685759, b: 1, a: 1}
    key2: {r: 0.9662049, g: 0.61960787, b: 1, a: 0}
    key3: {r: 0.09011213, g: 0.5409025, b: 0.764151, a: 0}
    key4: {r: 1, g: 0.8209606, b: 0.07843137, a: 0}
    key5: {r: 1, g: 0.8209606, b: 0.07843137, a: 0}
    key6: {r: 1, g: 0.8209606, b: 0.07843137, a: 0}
    key7: {r: 0, g: 0, b: 0, a: 0}
    ctime0: 10987
    ctime1: 30647
    ctime2: 52814
    ctime3: 65342
    ctime4: 64571
    ctime5: 64571
    ctime6: 64571
    ctime7: 0
    atime0: 0
    atime1: 65535
    atime2: 0
    atime3: 0
    atime4: 0
    atime5: 0
    atime6: 0
    atime7: 0
    m_Mode: 0
    m_NumColorKeys: 3
    m_NumAlphaKeys: 2
  spacing: 0.15
  radius: 0.4
  count: 1
  sprinklePreviewType: 1
--- !u!1 &1869259515445958313
GameObject:
  m_ObjectHideFlags: 0
  m_CorrespondingSourceObject: {fileID: 0}
  m_PrefabInstance: {fileID: 0}
  m_PrefabAsset: {fileID: 0}
  serializedVersion: 6
  m_Component:
  - component: {fileID: 5668693347359195056}
  m_Layer: 0
  m_Name: finishCameraTransform
  m_TagString: Untagged
  m_Icon: {fileID: 0}
  m_NavMeshLayer: 0
  m_StaticEditorFlags: 0
  m_IsActive: 1
--- !u!4 &5668693347359195056
Transform:
  m_ObjectHideFlags: 0
  m_CorrespondingSourceObject: {fileID: 0}
  m_PrefabInstance: {fileID: 0}
  m_PrefabAsset: {fileID: 0}
  m_GameObject: {fileID: 1869259515445958313}
  m_LocalRotation: {x: 0.5, y: 0, z: 0, w: 0.8660254}
  m_LocalPosition: {x: 0, y: 6.6, z: -3.6}
  m_LocalScale: {x: 1, y: 1, z: 1}
  m_Children: []
  m_Father: {fileID: 8696533178580707040}
  m_RootOrder: 1
  m_LocalEulerAnglesHint: {x: 0, y: 0, z: 0}
--- !u!1 &1992590883558588494
GameObject:
  m_ObjectHideFlags: 0
  m_CorrespondingSourceObject: {fileID: 0}
  m_PrefabInstance: {fileID: 0}
  m_PrefabAsset: {fileID: 0}
  serializedVersion: 6
  m_Component:
  - component: {fileID: 3548747434722172517}
  - component: {fileID: 7010472022641882319}
  m_Layer: 8
  m_Name: Option
  m_TagString: Untagged
  m_Icon: {fileID: 0}
  m_NavMeshLayer: 0
  m_StaticEditorFlags: 0
  m_IsActive: 1
--- !u!4 &3548747434722172517
Transform:
  m_ObjectHideFlags: 0
  m_CorrespondingSourceObject: {fileID: 0}
  m_PrefabInstance: {fileID: 0}
  m_PrefabAsset: {fileID: 0}
  m_GameObject: {fileID: 1992590883558588494}
  m_LocalRotation: {x: -0, y: -0, z: -0, w: 1}
  m_LocalPosition: {x: 0, y: 0, z: 0}
  m_LocalScale: {x: 1, y: 1, z: 1}
  m_Children: []
  m_Father: {fileID: 723856065939217359}
  m_RootOrder: 3
  m_LocalEulerAnglesHint: {x: 0, y: 0, z: 0}
--- !u!114 &7010472022641882319
MonoBehaviour:
  m_ObjectHideFlags: 0
  m_CorrespondingSourceObject: {fileID: 0}
  m_PrefabInstance: {fileID: 0}
  m_PrefabAsset: {fileID: 0}
  m_GameObject: {fileID: 1992590883558588494}
  m_Enabled: 0
  m_EditorHideFlags: 0
  m_Script: {fileID: 11500000, guid: 552fb6fa4deaccb46ba7fa59819fc06a, type: 3}
  m_Name: 
  m_EditorClassIdentifier: 
  special: 0
  objects:
  - {fileID: 114986966024178736, guid: ab37bdefbae5a66439cc1215a71ecb11, type: 3}
  - {fileID: 2647852329520218456, guid: 8d4f907bba59f6e42b73731e08670013, type: 3}
  objectSizeX:
    serializedVersion: 2
    m_Curve:
    - serializedVersion: 3
      time: 0
      value: 0.05
      inSlope: 0
      outSlope: 0
      tangentMode: 0
      weightedMode: 3
      inWeight: 0
      outWeight: 0
    - serializedVersion: 3
      time: 1
      value: 0.06
      inSlope: 0
      outSlope: 0
      tangentMode: 0
      weightedMode: 3
      inWeight: 0
      outWeight: 0
    m_PreInfinity: 2
    m_PostInfinity: 2
    m_RotationOrder: 4
  objectSizeY:
    serializedVersion: 2
    m_Curve:
    - serializedVersion: 3
      time: 0
      value: 0.05
      inSlope: 0
      outSlope: 0
      tangentMode: 0
      weightedMode: 3
      inWeight: 0
      outWeight: 0
    - serializedVersion: 3
      time: 1
      value: 0.06
      inSlope: 0
      outSlope: 0
      tangentMode: 0
      weightedMode: 3
      inWeight: 0
      outWeight: 0
    m_PreInfinity: 2
    m_PostInfinity: 2
    m_RotationOrder: 4
  objectSizeZ:
    serializedVersion: 2
    m_Curve:
    - serializedVersion: 3
      time: 0
      value: 0.05
      inSlope: 0
      outSlope: 0
      tangentMode: 0
      weightedMode: 3
      inWeight: 0
      outWeight: 0
    - serializedVersion: 3
      time: 1
      value: 0.06
      inSlope: 0
      outSlope: 0
      tangentMode: 0
      weightedMode: 3
      inWeight: 0
      outWeight: 0
    m_PreInfinity: 2
    m_PostInfinity: 2
    m_RotationOrder: 4
  rotationX:
    serializedVersion: 2
    m_Curve:
    - serializedVersion: 3
      time: 0
      value: 0
      inSlope: 0
      outSlope: 0
      tangentMode: 0
      weightedMode: 3
      inWeight: 0
      outWeight: 0
    - serializedVersion: 3
      time: 1
      value: 0
      inSlope: 0
      outSlope: 0
      tangentMode: 0
      weightedMode: 3
      inWeight: 0
      outWeight: 0
    m_PreInfinity: 2
    m_PostInfinity: 2
    m_RotationOrder: 4
  rotationY:
    serializedVersion: 2
    m_Curve:
    - serializedVersion: 3
      time: 0
      value: 0
      inSlope: 0
      outSlope: 0
      tangentMode: 0
      weightedMode: 3
      inWeight: 0
      outWeight: 0
    - serializedVersion: 3
      time: 1
      value: 0
      inSlope: 0
      outSlope: 0
      tangentMode: 0
      weightedMode: 3
      inWeight: 0
      outWeight: 0
    m_PreInfinity: 2
    m_PostInfinity: 2
    m_RotationOrder: 4
  rotationZ:
    serializedVersion: 2
    m_Curve:
    - serializedVersion: 3
      time: 0
      value: 0
      inSlope: 0
      outSlope: 0
      tangentMode: 0
      weightedMode: 3
      inWeight: 0
      outWeight: 0
    - serializedVersion: 3
      time: 1
      value: 360
      inSlope: 0
      outSlope: 0
      tangentMode: 0
      weightedMode: 3
      inWeight: 0
      outWeight: 0
    m_PreInfinity: 2
    m_PostInfinity: 2
    m_RotationOrder: 4
  color:
    serializedVersion: 2
    key0: {r: 0.62513065, g: 0.07843137, b: 1, a: 1}
    key1: {r: 0.62513065, g: 0.07843137, b: 1, a: 1}
    key2: {r: 0.62513065, g: 0.07843137, b: 1, a: 0}
    key3: {r: 0.62513065, g: 0.07843137, b: 1, a: 0}
    key4: {r: 0.62513065, g: 0.07843137, b: 1, a: 0}
    key5: {r: 1, g: 0.8209606, b: 0.07843137, a: 0}
    key6: {r: 1, g: 0.8209606, b: 0.07843137, a: 0}
    key7: {r: 0, g: 0, b: 0, a: 0}
    ctime0: 0
    ctime1: 65535
    ctime2: 49151
    ctime3: 49151
    ctime4: 49151
    ctime5: 65342
    ctime6: 64571
    ctime7: 0
    atime0: 0
    atime1: 65535
    atime2: 0
    atime3: 0
    atime4: 0
    atime5: 0
    atime6: 0
    atime7: 0
    m_Mode: 0
    m_NumColorKeys: 2
    m_NumAlphaKeys: 2
  spacing: 0.1
  radius: 0.4
  count: 2
  sprinklePreviewType: 0
--- !u!1 &2564065925905610522
GameObject:
  m_ObjectHideFlags: 0
  m_CorrespondingSourceObject: {fileID: 0}
  m_PrefabInstance: {fileID: 0}
  m_PrefabAsset: {fileID: 0}
  serializedVersion: 6
  m_Component:
  - component: {fileID: 8178971219584937986}
  m_Layer: 0
  m_Name: previewCameraTransform
  m_TagString: Untagged
  m_Icon: {fileID: 0}
  m_NavMeshLayer: 0
  m_StaticEditorFlags: 0
  m_IsActive: 1
--- !u!4 &8178971219584937986
Transform:
  m_ObjectHideFlags: 0
  m_CorrespondingSourceObject: {fileID: 0}
  m_PrefabInstance: {fileID: 0}
  m_PrefabAsset: {fileID: 0}
  m_GameObject: {fileID: 2564065925905610522}
  m_LocalRotation: {x: 0.5, y: 0, z: 0, w: 0.8660254}
  m_LocalPosition: {x: 0, y: 6.6, z: -3.6}
  m_LocalScale: {x: 1, y: 1, z: 1}
  m_Children: []
  m_Father: {fileID: 8696533178580707040}
  m_RootOrder: 2
  m_LocalEulerAnglesHint: {x: 0, y: 0, z: 0}
--- !u!1 &3047422381012304899
GameObject:
  m_ObjectHideFlags: 0
  m_CorrespondingSourceObject: {fileID: 0}
  m_PrefabInstance: {fileID: 0}
  m_PrefabAsset: {fileID: 0}
  serializedVersion: 6
  m_Component:
  - component: {fileID: 6729307742373913898}
  - component: {fileID: 761896631338218127}
  - component: {fileID: 8697374739814774741}
  - component: {fileID: 6670388779185043865}
  m_Layer: 8
  m_Name: StrokeManual 1
  m_TagString: Untagged
  m_Icon: {fileID: 0}
  m_NavMeshLayer: 0
  m_StaticEditorFlags: 0
  m_IsActive: 1
--- !u!4 &6729307742373913898
Transform:
  m_ObjectHideFlags: 0
  m_CorrespondingSourceObject: {fileID: 0}
  m_PrefabInstance: {fileID: 0}
  m_PrefabAsset: {fileID: 0}
  m_GameObject: {fileID: 3047422381012304899}
  m_LocalRotation: {x: 0, y: 0, z: -0.7071068, w: 0.7071068}
  m_LocalPosition: {x: 0, y: 0, z: 0.04}
  m_LocalScale: {x: 1.2, y: 1.2, z: 1}
  m_Children: []
  m_Father: {fileID: 2314804315232685732}
  m_RootOrder: 1
  m_LocalEulerAnglesHint: {x: 0, y: 0, z: -90}
--- !u!114 &761896631338218127
MonoBehaviour:
  m_ObjectHideFlags: 0
  m_CorrespondingSourceObject: {fileID: 0}
  m_PrefabInstance: {fileID: 0}
  m_PrefabAsset: {fileID: 0}
  m_GameObject: {fileID: 3047422381012304899}
  m_Enabled: 1
  m_EditorHideFlags: 0
  m_Script: {fileID: 11500000, guid: f6202143f93329f4596fcd4f38f4496e, type: 3}
  m_Name: 
  m_EditorClassIdentifier: 
  tip: {fileID: 4760252478746094373, guid: b72e6a18647e9bf4ea30f272a119c269, type: 3}
  size:
    serializedVersion: 2
    m_Curve:
    - serializedVersion: 3
      time: -0.008779496
      value: 0.22938584
      inSlope: -0.05750568
      outSlope: -0.05750568
      tangentMode: 0
      weightedMode: 3
      inWeight: 0.530393
      outWeight: 0.7267762
    - serializedVersion: 3
      time: 0.14166617
      value: 0.1
      inSlope: 0.0030596312
      outSlope: 0.0030596312
      tangentMode: 0
      weightedMode: 3
      inWeight: 0.736841
      outWeight: 0.65979487
    - serializedVersion: 3
      time: 0.30275035
      value: 0.23
      inSlope: 0.13444817
      outSlope: 0.13444817
      tangentMode: 0
      weightedMode: 3
      inWeight: 0.33328664
      outWeight: 0.3344688
    - serializedVersion: 3
      time: 0.33445624
      value: 0.1
      inSlope: -0.13446769
      outSlope: -0.13446769
      tangentMode: 0
      weightedMode: 3
      inWeight: 0.33199722
      outWeight: 0.33518526
    - serializedVersion: 3
      time: 0.48994592
      value: 0.23
      inSlope: 0.033597972
      outSlope: 0.033597972
      tangentMode: 0
      weightedMode: 3
      inWeight: 0.3312579
      outWeight: 0.3361326
    - serializedVersion: 3
      time: 0.591146
      value: 0.1
      inSlope: -0.040571794
      outSlope: -0.040571794
      tangentMode: 0
      weightedMode: 3
      inWeight: 0.33026767
      outWeight: 0.33783114
    - serializedVersion: 3
      time: 0.74164665
      value: 0.23
      inSlope: -0.00034102533
      outSlope: -0.00034102533
      tangentMode: 0
      weightedMode: 3
      inWeight: 0.32843956
      outWeight: 0.34997377
    - serializedVersion: 3
      time: 0.80519456
      value: 0.1
      inSlope: -0.1075748
      outSlope: -0.1075748
      tangentMode: 0
      weightedMode: 3
      inWeight: 0.3140821
      outWeight: 0.3735152
    - serializedVersion: 3
      time: 1.0174494
      value: 0.22969101
      inSlope: -0.0039368244
      outSlope: -0.0039368244
      tangentMode: 0
      weightedMode: 3
      inWeight: 0.28763235
      outWeight: 0.61478966
    m_PreInfinity: 2
    m_PostInfinity: 2
    m_RotationOrder: 4
  twist: 1.5
--- !u!114 &8697374739814774741
MonoBehaviour:
  m_ObjectHideFlags: 0
  m_CorrespondingSourceObject: {fileID: 0}
  m_PrefabInstance: {fileID: 0}
  m_PrefabAsset: {fileID: 0}
  m_GameObject: {fileID: 3047422381012304899}
  m_Enabled: 1
  m_EditorHideFlags: 0
  m_Script: {fileID: 11500000, guid: c25f2c3c6d52ab744a70ac080b3e3958, type: 3}
  m_Name: 
  m_EditorClassIdentifier: 
  svgPoints:
  - x: 1.5
    y: -0
  - x: 1.4972633313349768
    y: -0.09056774613342922
  - x: 1.4890633111470812
    y: -0.18080502038298452
  - x: 1.475429860420715
    y: -0.2703825567208586
  - x: 1.4564127261390778
    y: -0.35897349643133675
  - x: 1.4320812997628185
    y: -0.4462545807828044
  - x: 1.4025243640281226
    y: -0.5319073305638036
  - x: 1.367849768988135
    y: -0.6156192081791352
  - x: 1.3281840384798147
    y: -0.6970847580656528
  - x: 1.2836719084521715
    y: -0.7760067212664854
  - x: 1.2344757988404849
    y: -0.8520971200967337
  - x: 1.1807752209135751
    y: -0.9250783089428147
  - x: 1.1227661222566516
    y: -0.9946839873611929
  - x: 1.0606601717798212
    y: -1.0606601717798212
  - x: 0.9946839873611929
    y: -1.1227661222566516
  - x: 0.9250783089428147
    y: -1.1807752209135751
  - x: 0.8520971200967337
    y: -1.2344757988404849
  - x: 0.7760067212664854
    y: -1.2836719084521715
  - x: 0.6970847580656532
    y: -1.3281840384798147
  - x: 0.6156192081791354
    y: -1.367849768988135
  - x: 0.5319073305638032
    y: -1.4025243640281226
  - x: 0.4462545807828044
    y: -1.4320812997628185
  - x: 0.35897349643133675
    y: -1.4564127261390778
  - x: 0.2703825567208589
    y: -1.475429860420715
  - x: 0.18080502038298452
    y: -1.4890633111470812
  - x: 0.09056774613342922
    y: -1.4972633313349768
  - x: 0
    y: -1.5
  - x: -0.09056774613342922
    y: -1.4972633313349768
  - x: -0.18080502038298435
    y: -1.4890633111470812
  - x: -0.2703825567208586
    y: -1.475429860420715
  - x: -0.35897349643133625
    y: -1.4564127261390785
  - x: -0.4462545807828044
    y: -1.4320812997628185
  - x: -0.5319073305638036
    y: -1.4025243640281226
  - x: -0.6156192081791348
    y: -1.367849768988135
  - x: -0.6970847580656528
    y: -1.3281840384798147
  - x: -0.7760067212664854
    y: -1.2836719084521715
  - x: -0.8520971200967337
    y: -1.2344757988404849
  - x: -0.9250783089428147
    y: -1.1807752209135751
  - x: -0.9946839873611925
    y: -1.122766122256652
  - x: -1.0606601717798212
    y: -1.0606601717798212
  - x: -1.1227661222566518
    y: -0.9946839873611929
  - x: -1.1807752209135751
    y: -0.9250783089428147
  - x: -1.2344757988404846
    y: -0.8520971200967337
  - x: -1.283671908452171
    y: -0.7760067212664854
  - x: -1.3281840384798147
    y: -0.6970847580656532
  - x: -1.367849768988135
    y: -0.6156192081791352
  - x: -1.402524364028122
    y: -0.5319073305638039
  - x: -1.4320812997628185
    y: -0.4462545807828044
  - x: -1.456412726139078
    y: -0.3589734964313364
  - x: -1.4754298604207154
    y: -0.2703825567208589
  - x: -1.489063311147081
    y: -0.18080502038298452
  - x: -1.4972633313349764
    y: -0.09056774613342952
  - x: -1.5
    y: -0.0000000000000003111865996029636
  - x: -1.4972633313349764
    y: 0.09056774613342859
  - x: -1.489063311147081
    y: 0.18080502038298482
  - x: -1.4754298604207154
    y: 0.2703825567208586
  - x: -1.4564127261390785
    y: 0.3589734964313361
  - x: -1.4320812997628185
    y: 0.446254580782805
  - x: -1.4025243640281224
    y: 0.5319073305638035
  - x: -1.3678497689881353
    y: 0.6156192081791348
  - x: -1.3281840384798154
    y: 0.6970847580656522
  - x: -1.2836719084521713
    y: 0.7760067212664853
  - x: -1.2344757988404849
    y: 0.8520971200967334
  - x: -1.1807752209135758
    y: 0.925078308942814
  - x: -1.1227661222566516
    y: 0.9946839873611929
  - x: -1.0606601717798214
    y: 1.0606601717798212
  - x: -0.9946839873611932
    y: 1.1227661222566514
  - x: -0.9250783089428144
    y: 1.1807752209135756
  - x: -0.852097120096734
    y: 1.2344757988404846
  - x: -0.7760067212664857
    y: 1.283671908452171
  - x: -0.6970847580656525
    y: 1.328184038479815
  - x: -0.6156192081791353
    y: 1.367849768988135
  - x: -0.5319073305638039
    y: 1.402524364028122
  - x: -0.44625458078280533
    y: 1.432081299762818
  - x: -0.35897349643133675
    y: 1.456412726139078
  - x: -0.2703825567208589
    y: 1.4754298604207154
  - x: -0.18080502038298546
    y: 1.489063311147081
  - x: -0.0905677461334289
    y: 1.4972633313349764
  - x: -0.0000000000000003111865996029636
    y: 1.5
  - x: 0.09056774613342827
    y: 1.4972633313349764
  - x: 0.18080502038298482
    y: 1.489063311147081
  - x: 0.2703825567208583
    y: 1.4754298604207154
  - x: 0.3589734964313361
    y: 1.4564127261390785
  - x: 0.446254580782805
    y: 1.4320812997628185
  - x: 0.5319073305638032
    y: 1.4025243640281224
  - x: 0.6156192081791348
    y: 1.3678497689881353
  - x: 0.6970847580656518
    y: 1.3281840384798154
  - x: 0.7760067212664854
    y: 1.2836719084521713
  - x: 0.8520971200967337
    y: 1.2344757988404849
  - x: 0.9250783089428141
    y: 1.1807752209135758
  - x: 0.9946839873611929
    y: 1.1227661222566516
  - x: 1.0606601717798212
    y: 1.0606601717798214
  - x: 1.1227661222566512
    y: 0.9946839873611936
  - x: 1.1807752209135758
    y: 0.9250783089428145
  - x: 1.2344757988404849
    y: 0.852097120096734
  - x: 1.2836719084521708
    y: 0.7760067212664857
  - x: 1.3281840384798147
    y: 0.6970847580656526
  - x: 1.367849768988135
    y: 0.6156192081791354
  - x: 1.402524364028122
    y: 0.5319073305638039
  - x: 1.4320812997628178
    y: 0.44625458078280533
  - x: 1.4564127261390778
    y: 0.35897349643133675
  - x: 1.475429860420715
    y: 0.2703825567208591
  - x: 1.4890633111470812
    y: 0.18080502038298546
  - x: 1.4972633313349768
    y: 0.0905677461334289
  - x: 557.5001018571891
    y: 267.45629170629365
  - x: 557.5001018571891
    y: 267.45629170629365
  svgCommands: 01000000020000000200000002000000020000000200000002000000020000000200000002000000020000000200000002000000020000000200000002000000020000000200000002000000020000000200000002000000020000000200000002000000020000000200000002000000020000000200000002000000020000000200000002000000020000000200000002000000020000000200000002000000020000000200000002000000020000000200000002000000020000000200000002000000020000000200000002000000020000000200000002000000020000000200000002000000020000000200000002000000020000000200000002000000020000000200000002000000020000000200000002000000020000000200000002000000020000000200000002000000020000000200000002000000020000000200000002000000020000000200000002000000020000000200000002000000020000000200000002000000020000000200000002000000020000000200000002000000020000000200000002000000020000000200000002000000020000005f00000000000000
  reverse: 0
  offset: 0
--- !u!114 &6670388779185043865
MonoBehaviour:
  m_ObjectHideFlags: 0
  m_CorrespondingSourceObject: {fileID: 0}
  m_PrefabInstance: {fileID: 0}
  m_PrefabAsset: {fileID: 0}
  m_GameObject: {fileID: 3047422381012304899}
  m_Enabled: 1
  m_EditorHideFlags: 0
  m_Script: {fileID: 11500000, guid: 5120595cb07379d488e526d799bc1e6d, type: 3}
  m_Name: 
  m_EditorClassIdentifier: 
  path: {fileID: 8697374739814774741}
  sections:
  - weight: 1
    colors: 00000000
  - weight: 1
    colors: 01000000
  - weight: 1
    colors: 02000000
  options:
  - colors:
    - {r: 0.9386792, g: 0.98055685, b: 1, a: 1}
  - colors:
    - {r: 1, g: 0.7122642, b: 0.7612668, a: 1}
  - colors:
    - {r: 1, g: 0.9258248, b: 0.2588235, a: 1}
  brush: {fileID: 761896631338218127}
  material: {fileID: 2100000, guid: c3e02d1828544694fa0c92234d935fc1, type: 2}
--- !u!1 &3697230553968478674
GameObject:
  m_ObjectHideFlags: 0
  m_CorrespondingSourceObject: {fileID: 0}
  m_PrefabInstance: {fileID: 0}
  m_PrefabAsset: {fileID: 0}
  serializedVersion: 6
  m_Component:
  - component: {fileID: 633231292953223658}
  - component: {fileID: 7607525269733038693}
  m_Layer: 8
  m_Name: Option
  m_TagString: Untagged
  m_Icon: {fileID: 0}
  m_NavMeshLayer: 0
  m_StaticEditorFlags: 0
  m_IsActive: 1
--- !u!4 &633231292953223658
Transform:
  m_ObjectHideFlags: 0
  m_CorrespondingSourceObject: {fileID: 0}
  m_PrefabInstance: {fileID: 0}
  m_PrefabAsset: {fileID: 0}
  m_GameObject: {fileID: 3697230553968478674}
  m_LocalRotation: {x: -0, y: -0, z: -0, w: 1}
  m_LocalPosition: {x: 0, y: 0, z: 0}
  m_LocalScale: {x: 1, y: 1, z: 1}
  m_Children: []
  m_Father: {fileID: 723856065939217359}
  m_RootOrder: 4
  m_LocalEulerAnglesHint: {x: 0, y: 0, z: 0}
--- !u!114 &7607525269733038693
MonoBehaviour:
  m_ObjectHideFlags: 0
  m_CorrespondingSourceObject: {fileID: 0}
  m_PrefabInstance: {fileID: 0}
  m_PrefabAsset: {fileID: 0}
  m_GameObject: {fileID: 3697230553968478674}
  m_Enabled: 0
  m_EditorHideFlags: 0
  m_Script: {fileID: 11500000, guid: 552fb6fa4deaccb46ba7fa59819fc06a, type: 3}
  m_Name: 
  m_EditorClassIdentifier: 
  special: 0
  objects:
  - {fileID: 114011045851626580, guid: 166b17248db9e02479023b69da99a96f, type: 3}
  objectSizeX:
    serializedVersion: 2
    m_Curve:
    - serializedVersion: 3
      time: 0.013530642
      value: 0.44954693
      inSlope: 0
      outSlope: 0
      tangentMode: 0
      weightedMode: 3
      inWeight: 0
      outWeight: 0
    - serializedVersion: 3
      time: 1.0135306
      value: 0.44955692
      inSlope: 0
      outSlope: 0
      tangentMode: 0
      weightedMode: 3
      inWeight: 0
      outWeight: 0
    m_PreInfinity: 2
    m_PostInfinity: 2
    m_RotationOrder: 4
  objectSizeY:
    serializedVersion: 2
    m_Curve:
    - serializedVersion: 3
      time: -0.033454686
      value: 0.45162225
      inSlope: 0
      outSlope: 0
      tangentMode: 0
      weightedMode: 3
      inWeight: 0
      outWeight: 0
    - serializedVersion: 3
      time: 0.96654534
      value: 0.45163223
      inSlope: 0
      outSlope: 0
      tangentMode: 0
      weightedMode: 3
      inWeight: 0
      outWeight: 0
    m_PreInfinity: 2
    m_PostInfinity: 2
    m_RotationOrder: 4
  objectSizeZ:
    serializedVersion: 2
    m_Curve:
    - serializedVersion: 3
      time: 0.019522458
      value: 0.22727104
      inSlope: 0
      outSlope: 0
      tangentMode: 0
      weightedMode: 3
      inWeight: 0
      outWeight: 0
    - serializedVersion: 3
      time: 1.0195224
      value: 0.22728102
      inSlope: 0
      outSlope: 0
      tangentMode: 0
      weightedMode: 3
      inWeight: 0
      outWeight: 0
    m_PreInfinity: 2
    m_PostInfinity: 2
    m_RotationOrder: 4
  rotationX:
    serializedVersion: 2
    m_Curve:
    - serializedVersion: 3
      time: 0
      value: 0
      inSlope: 17.908876
      outSlope: 17.908876
      tangentMode: 34
      weightedMode: 0
      inWeight: 0
      outWeight: 0.33333334
    - serializedVersion: 3
      time: 1.4270053
      value: 25.55606
      inSlope: 17.908876
      outSlope: 17.908876
      tangentMode: 34
      weightedMode: 0
      inWeight: 0.33333334
      outWeight: 0
    m_PreInfinity: 2
    m_PostInfinity: 2
    m_RotationOrder: 4
  rotationY:
    serializedVersion: 2
    m_Curve:
    - serializedVersion: 3
      time: 0
      value: 0
      inSlope: 54.862865
      outSlope: 54.862865
      tangentMode: 34
      weightedMode: 0
      inWeight: 0
      outWeight: 0.33333334
    - serializedVersion: 3
      time: 0.993042
      value: 54.48113
      inSlope: 54.862865
      outSlope: 54.862865
      tangentMode: 34
      weightedMode: 0
      inWeight: 0.33333334
      outWeight: 0
    m_PreInfinity: 2
    m_PostInfinity: 2
    m_RotationOrder: 4
  rotationZ:
    serializedVersion: 2
    m_Curve:
    - serializedVersion: 3
      time: 0
      value: 0
      inSlope: 147.73146
      outSlope: 147.73146
      tangentMode: 34
      weightedMode: 0
      inWeight: 0
      outWeight: 0.33333334
    - serializedVersion: 3
      time: 1.0285211
      value: 151.94492
      inSlope: 147.73146
      outSlope: 147.73146
      tangentMode: 34
      weightedMode: 0
      inWeight: 0.33333334
      outWeight: 0
    m_PreInfinity: 2
    m_PostInfinity: 2
    m_RotationOrder: 4
  color:
    serializedVersion: 2
    key0: {r: 0.19082807, g: 0.8396226, b: 0.17030083, a: 1}
    key1: {r: 1, g: 0.996159, b: 0.9575472, a: 1}
    key2: {r: 1, g: 0.996159, b: 0.9575472, a: 0}
    key3: {r: 1, g: 0.9272134, b: 0.1745283, a: 0}
    key4: {r: 1, g: 0.6367924, b: 0.910478, a: 0}
    key5: {r: 1, g: 0.8209606, b: 0.07843137, a: 0}
    key6: {r: 1, g: 0.8209606, b: 0.07843137, a: 0}
    key7: {r: 0, g: 0, b: 0, a: 0}
    ctime0: 21395
    ctime1: 65150
    ctime2: 65150
    ctime3: 65150
    ctime4: 64571
    ctime5: 64571
    ctime6: 64571
    ctime7: 0
    atime0: 0
    atime1: 65535
    atime2: 0
    atime3: 0
    atime4: 0
    atime5: 0
    atime6: 0
    atime7: 0
    m_Mode: 0
    m_NumColorKeys: 2
    m_NumAlphaKeys: 2
  spacing: 0.3
  radius: 0.13
  count: 1
  sprinklePreviewType: 6
--- !u!1 &4183693617950568936
GameObject:
  m_ObjectHideFlags: 0
  m_CorrespondingSourceObject: {fileID: 0}
  m_PrefabInstance: {fileID: 0}
  m_PrefabAsset: {fileID: 0}
  serializedVersion: 6
  m_Component:
  - component: {fileID: 8696533178580707040}
  - component: {fileID: 7020300127536788608}
  m_Layer: 0
  m_Name: c2_thang_026
  m_TagString: Untagged
  m_Icon: {fileID: 0}
  m_NavMeshLayer: 0
  m_StaticEditorFlags: 0
  m_IsActive: 1
--- !u!4 &8696533178580707040
Transform:
  m_ObjectHideFlags: 0
  m_CorrespondingSourceObject: {fileID: 0}
  m_PrefabInstance: {fileID: 0}
  m_PrefabAsset: {fileID: 0}
  m_GameObject: {fileID: 4183693617950568936}
  m_LocalRotation: {x: 0, y: 0, z: 0, w: 1}
  m_LocalPosition: {x: 0, y: 0, z: 0}
  m_LocalScale: {x: 1, y: 1, z: 1}
  m_Children:
  - {fileID: 6428326317709201835}
  - {fileID: 5668693347359195056}
  - {fileID: 8178971219584937986}
  m_Father: {fileID: 0}
  m_RootOrder: 0
  m_LocalEulerAnglesHint: {x: 0, y: 0, z: 0}
--- !u!114 &7020300127536788608
MonoBehaviour:
  m_ObjectHideFlags: 0
  m_CorrespondingSourceObject: {fileID: 0}
  m_PrefabInstance: {fileID: 0}
  m_PrefabAsset: {fileID: 0}
  m_GameObject: {fileID: 4183693617950568936}
  m_Enabled: 1
  m_EditorHideFlags: 0
  m_Script: {fileID: 11500000, guid: f522867c3f9eb3e4bb325c968c25314e, type: 3}
  m_Name: 
  m_EditorClassIdentifier: 
  layers:
  - {fileID: 3654143805768226662}
  backgroundColor: {r: 1, g: 0.6313726, b: 0.63529414, a: 1}
  glitterStroke: 0
  glitterCake: 0
  newPreview: 0
  strokeRate: 0.5
  sprinkleRate: 0.5
  diskColor: {r: 0.8862745, g: 0.6745098, b: 0.78039217, a: 1}
  type: 0
  previewCameraTransform: {fileID: 8178971219584937986}
  previewCameraSize: 2
  previewCameraSizeForSelection: 2.2
  finishCameraTransform: {fileID: 5668693347359195056}
  previewScale: 1
  specialStroke: 0
  specialFill: 0
--- !u!1 &5305003803140646083
GameObject:
  m_ObjectHideFlags: 0
  m_CorrespondingSourceObject: {fileID: 0}
  m_PrefabInstance: {fileID: 0}
  m_PrefabAsset: {fileID: 0}
  serializedVersion: 6
  m_Component:
  - component: {fileID: 5142296680016266264}
  - component: {fileID: 5245141307873573997}
  m_Layer: 0
  m_Name: Path
  m_TagString: Untagged
  m_Icon: {fileID: 0}
  m_NavMeshLayer: 0
  m_StaticEditorFlags: 0
  m_IsActive: 1
--- !u!4 &5142296680016266264
Transform:
  m_ObjectHideFlags: 0
  m_CorrespondingSourceObject: {fileID: 0}
  m_PrefabInstance: {fileID: 0}
  m_PrefabAsset: {fileID: 0}
  m_GameObject: {fileID: 5305003803140646083}
  m_LocalRotation: {x: 0, y: 0, z: 0, w: 1}
  m_LocalPosition: {x: 0, y: 0, z: 0}
  m_LocalScale: {x: 1, y: 1, z: 1}
  m_Children: []
  m_Father: {fileID: 6950551378875244224}
  m_RootOrder: 1
  m_LocalEulerAnglesHint: {x: 0, y: 0, z: 0}
--- !u!114 &5245141307873573997
MonoBehaviour:
  m_ObjectHideFlags: 0
  m_CorrespondingSourceObject: {fileID: 0}
  m_PrefabInstance: {fileID: 0}
  m_PrefabAsset: {fileID: 0}
  m_GameObject: {fileID: 5305003803140646083}
  m_Enabled: 1
  m_EditorHideFlags: 0
  m_Script: {fileID: 11500000, guid: c25f2c3c6d52ab744a70ac080b3e3958, type: 3}
  m_Name: 
  m_EditorClassIdentifier: 
  svgPoints:
  - x: 1.5
    y: -0
  - x: 1.4945962328137894
    y: -0.12720888671326394
  - x: 1.4784238655215627
    y: -0.2535012304827735
  - x: 1.4515994204002483
    y: -0.37796709207768775
  - x: 1.4143161681916259
    y: -0.49970969211308647
  - x: 1.3668427355822035
    y: -0.6178518723659889
  - x: 1.309521169741782
    y: -0.731542415720452
  - x: 1.2427644738657633
    y: -0.8399621792063929
  - x: 1.1670536314776592
    y: -0.9423299959434637
  - x: 1.0829341409317865
    y: -1.0379083034663192
  - x: 0.9910120850851223
    y: -1.1260084578790863
  - x: 0.8919497644564301
    y: -1.205995695550411
  - x: 0.7864609253358473
    y: -1.2772937065999665
  - x: 0.6753056172265097
    y: -1.3393887872243526
  - x: 0.5592847166704628
    y: -1.391833540944764
  - x: 0.43923415691482565
    y: -1.4342501021088763
  - x: 0.31601890499358914
    y: -1.4663328584215294
  - x: 0.19052672962031783
    y: -1.4878506528883153
  - x: 0.06366180479422227
    y: -1.498648449307022
  - x: -0.06366180479422227
    y: -1.498648449307022
  - x: -0.19052672962031814
    y: -1.4878506528883149
  - x: -0.31601890499358914
    y: -1.4663328584215294
  - x: -0.4392341569148255
    y: -1.4342501021088763
  - x: -0.5592847166704628
    y: -1.391833540944764
  - x: -0.6753056172265101
    y: -1.3393887872243526
  - x: -0.7864609253358473
    y: -1.2772937065999672
  - x: -0.8919497644564299
    y: -1.205995695550411
  - x: -0.9910120850851218
    y: -1.1260084578790865
  - x: -1.0829341409317867
    y: -1.0379083034663192
  - x: -1.167053631477659
    y: -0.9423299959434637
  - x: -1.242764473865763
    y: -0.8399621792063933
  - x: -1.3095211697417823
    y: -0.7315424157204516
  - x: -1.3668427355822037
    y: -0.6178518723659887
  - x: -1.4143161681916263
    y: -0.49970969211308647
  - x: -1.4515994204002483
    y: -0.3779670920776874
  - x: -1.4784238655215627
    y: -0.2535012304827738
  - x: -1.4945962328137896
    y: -0.12720888671326364
  - x: -1.5
    y: -0.00000000000000030781634762170404
  - x: -1.4945962328137896
    y: 0.12720888671326316
  - x: -1.4784238655215627
    y: 0.25350123048277273
  - x: -1.4515994204002483
    y: 0.37796709207768775
  - x: -1.4143161681916263
    y: 0.499709692113086
  - x: -1.366842735582204
    y: 0.6178518723659884
  - x: -1.3095211697417823
    y: 0.7315424157204514
  - x: -1.2427644738657633
    y: 0.8399621792063929
  - x: -1.1670536314776592
    y: 0.9423299959434634
  - x: -1.082934140931787
    y: 1.0379083034663192
  - x: -0.9910120850851227
    y: 1.1260084578790859
  - x: -0.8919497644564296
    y: 1.205995695550411
  - x: -0.7864609253358481
    y: 1.2772937065999665
  - x: -0.6753056172265104
    y: 1.3393887872243526
  - x: -0.5592847166704631
    y: 1.3918335409447637
  - x: -0.4392341569148255
    y: 1.4342501021088763
  - x: -0.31601890499358914
    y: 1.4663328584215294
  - x: -0.19052672962031877
    y: 1.487850652888315
  - x: -0.06366180479422288
    y: 1.498648449307022
  - x: 0.06366180479422227
    y: 1.4986484493070222
  - x: 0.19052672962031814
    y: 1.487850652888315
  - x: 0.31601890499358853
    y: 1.4663328584215294
  - x: 0.439234156914825
    y: 1.4342501021088765
  - x: 0.5592847166704625
    y: 1.391833540944764
  - x: 0.6753056172265097
    y: 1.3393887872243526
  - x: 0.7864609253358475
    y: 1.2772937065999668
  - x: 0.8919497644564292
    y: 1.2059956955504112
  - x: 0.9910120850851228
    y: 1.1260084578790859
  - x: 1.0829341409317865
    y: 1.0379083034663195
  - x: 1.1670536314776592
    y: 0.9423299959434633
  - x: 1.2427644738657626
    y: 0.8399621792063939
  - x: 1.3095211697417826
    y: 0.7315424157204512
  - x: 1.3668427355822035
    y: 0.6178518723659893
  - x: 1.4143161681916259
    y: 0.49970969211308647
  - x: 1.4515994204002483
    y: 0.37796709207768897
  - x: 1.4784238655215627
    y: 0.2535012304827732
  - x: 1.4945962328137894
    y: 0.1272088867132644
  - x: 277.0010521631399
    y: 127.25437946014192
  - x: 277.0010521631399
    y: 127.25437946014192
  svgCommands: 01000000020000000200000002000000020000000200000002000000020000000200000002000000020000000200000002000000020000000200000002000000020000000200000002000000020000000200000002000000020000000200000002000000020000000200000002000000020000000200000002000000020000000200000002000000020000000200000002000000020000000200000002000000020000000200000002000000020000000200000002000000020000000200000002000000020000000200000002000000020000000200000002000000020000000200000002000000020000000200000002000000020000000200000002000000020000000200000002000000020000000200000002000000020000000200000002000000020000005f00000000000000
  reverse: 0
  offset: 0
--- !u!1 &5588707771006581703
GameObject:
  m_ObjectHideFlags: 0
  m_CorrespondingSourceObject: {fileID: 0}
  m_PrefabInstance: {fileID: 0}
  m_PrefabAsset: {fileID: 0}
  serializedVersion: 6
  m_Component:
  - component: {fileID: 4167639563014905579}
  - component: {fileID: 7669032951625148270}
  m_Layer: 0
  m_Name: Path
  m_TagString: Untagged
  m_Icon: {fileID: 0}
  m_NavMeshLayer: 0
  m_StaticEditorFlags: 0
  m_IsActive: 1
--- !u!4 &4167639563014905579
Transform:
  m_ObjectHideFlags: 0
  m_CorrespondingSourceObject: {fileID: 0}
  m_PrefabInstance: {fileID: 0}
  m_PrefabAsset: {fileID: 0}
  m_GameObject: {fileID: 5588707771006581703}
  m_LocalRotation: {x: 0, y: 0, z: 0, w: 1}
  m_LocalPosition: {x: 0, y: 0, z: 0}
  m_LocalScale: {x: 1, y: 1, z: 1}
  m_Children: []
  m_Father: {fileID: 6950551378875244224}
  m_RootOrder: 2
  m_LocalEulerAnglesHint: {x: 0, y: 0, z: 0}
--- !u!114 &7669032951625148270
MonoBehaviour:
  m_ObjectHideFlags: 0
  m_CorrespondingSourceObject: {fileID: 0}
  m_PrefabInstance: {fileID: 0}
  m_PrefabAsset: {fileID: 0}
  m_GameObject: {fileID: 5588707771006581703}
  m_Enabled: 1
  m_EditorHideFlags: 0
  m_Script: {fileID: 11500000, guid: c25f2c3c6d52ab744a70ac080b3e3958, type: 3}
  m_Name: 
  m_EditorClassIdentifier: 
  svgPoints:
  - x: 0.867509025270758
    y: 0.016245487364620937
  - x: 0.8621452339618557
    y: -0.08097477436588653
  - x: 0.8461189691956542
    y: -0.17701491381704265
  - x: 0.8196247681166616
    y: -0.2707091337953302
  - x: 0.7829842344359818
    y: -0.36092011339176744
  - x: 0.7366421345979149
    y: -0.4465528135170846
  - x: 0.6811609989178237
    y: -0.5265677691928906
  - x: 0.6172142932261259
    y: -0.5999937072484117
  - x: 0.545578243905416
    y: -0.6659393362610659
  - x: 0.46712241555368256
    y: -0.7236041656269564
  - x: 0.382799155648035
    y: -0.7722882224324288
  - x: 0.2936320343364127
    y: -0.8114005481770361
  - x: 0.20070341968255465
    y: -0.8404663722091985
  - x: 0.10514133918392166
    y: -0.8591328747987751
  - x: 0.008105787045942576
    y: -0.8671734698906428
  - x: -0.08922535657627066
    y: -0.8644905555524649
  - x: -0.1856706234474046
    y: -0.8511166987299348
  - x: -0.28005929867586543
    y: -0.8272142399281711
  - x: -0.37124563160666735
    y: -0.7930733226178991
  - x: -0.45812274368231026
    y: -0.7491083712867531
  - x: -0.5396360644490509
    y: -0.6958530608873916
  - x: -0.614796132613651
    y: -0.6339538387465076
  - x: -0.6826906067631197
    y: -0.5641620775699834
  - x: -0.7424953399535739
    y: -0.4873249547960763
  - x: -0.7934843837377202
    y: -0.4043751690089373
  - x: -0.835038800195608
    y: -0.31631961824126414
  - x: -0.8666541750025433
    y: -0.2242271775961662
  - x: -0.8879467403356909
    y: -0.12921572455134916
  - x: -0.8986580332955804
    y: -0.03243856944085144
  - x: -0.8986580332955806
    y: 0.06492954417009332
  - x: -0.8879467403356911
    y: 0.16170669928059073
  - x: -0.8666541750025433
    y: 0.2567181523254079
  - x: -0.8350388001956083
    y: 0.3488105929705054
  - x: -0.7934843837377202
    y: 0.43686614373817884
  - x: -0.7424953399535743
    y: 0.5198159295253179
  - x: -0.6826906067631199
    y: 0.596653052299225
  - x: -0.6147961326136516
    y: 0.6664448134757491
  - x: -0.5396360644490512
    y: 0.7283440356166332
  - x: -0.4581227436823109
    y: 0.7815993460159947
  - x: -0.37124563160666796
    y: 0.8255642973471408
  - x: -0.28005929867586604
    y: 0.8597052146574129
  - x: -0.1856706234474052
    y: 0.8836076734591763
  - x: -0.08922535657627097
    y: 0.8969815302817067
  - x: 0.00810578704594196
    y: 0.8996644446198847
  - x: 0.10514133918392134
    y: 0.8916238495280173
  - x: 0.20070341968255434
    y: 0.8729573469384407
  - x: 0.2936320343364121
    y: 0.843891522906278
  - x: 0.38279915564803474
    y: 0.804779197161671
  - x: 0.4671224155536823
    y: 0.7560951403561986
  - x: 0.5455782439054154
    y: 0.6984303109903082
  - x: 0.6172142932261255
    y: 0.6324846819776538
  - x: 0.6811609989178233
    y: 0.5590587439221325
  - x: 0.7366421345979149
    y: 0.47904378824632676
  - x: 0.7829842344359814
    y: 0.3934110881210096
  - x: 0.8196247681166616
    y: 0.30320010852457235
  - x: 0.8461189691956542
    y: 0.20950588854628469
  - x: 0.8621452339618557
    y: 0.1134657490951287
  - x: 218.60474326914468
    y: 128.52332916688312
  - x: 218.60474326914468
    y: 128.52332916688312
  svgCommands: 0100000002000000020000000200000002000000020000000200000002000000020000000200000002000000020000000200000002000000020000000200000002000000020000000200000002000000020000000200000002000000020000000200000002000000020000000200000002000000020000000200000002000000020000000200000002000000020000000200000002000000020000000200000002000000020000000200000002000000020000000200000002000000020000000200000002000000020000000200000002000000020000000200000002000000020000005f00000000000000
  reverse: 0
  offset: 0
--- !u!1 &6444107033735620022
GameObject:
  m_ObjectHideFlags: 0
  m_CorrespondingSourceObject: {fileID: 0}
  m_PrefabInstance: {fileID: 0}
  m_PrefabAsset: {fileID: 0}
  serializedVersion: 6
  m_Component:
  - component: {fileID: 83307335144723309}
  - component: {fileID: 8762608383687384647}
  m_Layer: 8
  m_Name: Option
  m_TagString: Untagged
  m_Icon: {fileID: 0}
  m_NavMeshLayer: 0
  m_StaticEditorFlags: 0
  m_IsActive: 1
--- !u!4 &83307335144723309
Transform:
  m_ObjectHideFlags: 0
  m_CorrespondingSourceObject: {fileID: 0}
  m_PrefabInstance: {fileID: 0}
  m_PrefabAsset: {fileID: 0}
  m_GameObject: {fileID: 6444107033735620022}
  m_LocalRotation: {x: -0, y: -0, z: -0, w: 1}
  m_LocalPosition: {x: 0, y: 0, z: 0}
  m_LocalScale: {x: 1, y: 1, z: 1}
  m_Children: []
  m_Father: {fileID: 723856065939217359}
  m_RootOrder: 0
  m_LocalEulerAnglesHint: {x: 0, y: 0, z: 0}
--- !u!114 &8762608383687384647
MonoBehaviour:
  m_ObjectHideFlags: 0
  m_CorrespondingSourceObject: {fileID: 0}
  m_PrefabInstance: {fileID: 0}
  m_PrefabAsset: {fileID: 0}
  m_GameObject: {fileID: 6444107033735620022}
  m_Enabled: 0
  m_EditorHideFlags: 0
  m_Script: {fileID: 11500000, guid: 552fb6fa4deaccb46ba7fa59819fc06a, type: 3}
  m_Name: 
  m_EditorClassIdentifier: 
  special: 0
  objects:
  - {fileID: 114804476450929574, guid: 5632efa4a7333514abbbd5ec19a50f7c, type: 3}
  objectSizeX:
    serializedVersion: 2
    m_Curve:
    - serializedVersion: 3
      time: 0.018040687
      value: 0.075491905
      inSlope: 0
      outSlope: 0
      tangentMode: 0
      weightedMode: 3
      inWeight: 0
      outWeight: 0
    - serializedVersion: 3
      time: 1.0180407
      value: 0.075491905
      inSlope: 0
      outSlope: 0
      tangentMode: 0
      weightedMode: 3
      inWeight: 0
      outWeight: 0
    m_PreInfinity: 2
    m_PostInfinity: 2
    m_RotationOrder: 4
  objectSizeY:
    serializedVersion: 2
    m_Curve:
    - serializedVersion: 3
      time: 0.005838752
      value: 0.07699757
      inSlope: 0
      outSlope: 0
      tangentMode: 0
      weightedMode: 3
      inWeight: 0
      outWeight: 0
    - serializedVersion: 3
      time: 1.0058388
      value: 0.07699757
      inSlope: 0
      outSlope: 0
      tangentMode: 0
      weightedMode: 3
      inWeight: 0
      outWeight: 0
    m_PreInfinity: 2
    m_PostInfinity: 2
    m_RotationOrder: 4
  objectSizeZ:
    serializedVersion: 2
    m_Curve:
    - serializedVersion: 3
      time: 0.011305541
      value: 0.07312279
      inSlope: 0
      outSlope: 0
      tangentMode: 0
      weightedMode: 3
      inWeight: 0
      outWeight: 0
    - serializedVersion: 3
      time: 1.0113056
      value: 0.07312279
      inSlope: 0
      outSlope: 0
      tangentMode: 0
      weightedMode: 3
      inWeight: 0
      outWeight: 0
    m_PreInfinity: 2
    m_PostInfinity: 2
    m_RotationOrder: 4
  rotationX:
    serializedVersion: 2
    m_Curve:
    - serializedVersion: 3
      time: 0
      value: 0
      inSlope: 0
      outSlope: 0
      tangentMode: 0
      weightedMode: 3
      inWeight: 0
      outWeight: 0
    - serializedVersion: 3
      time: 1
      value: 0
      inSlope: 0
      outSlope: 0
      tangentMode: 0
      weightedMode: 3
      inWeight: 0
      outWeight: 0
    m_PreInfinity: 2
    m_PostInfinity: 2
    m_RotationOrder: 4
  rotationY:
    serializedVersion: 2
    m_Curve:
    - serializedVersion: 3
      time: 0
      value: 0
      inSlope: 0
      outSlope: 0
      tangentMode: 0
      weightedMode: 3
      inWeight: 0
      outWeight: 0
    - serializedVersion: 3
      time: 1
      value: 0
      inSlope: 0
      outSlope: 0
      tangentMode: 0
      weightedMode: 3
      inWeight: 0
      outWeight: 0
    m_PreInfinity: 2
    m_PostInfinity: 2
    m_RotationOrder: 4
  rotationZ:
    serializedVersion: 2
    m_Curve:
    - serializedVersion: 3
      time: 0
      value: 0
      inSlope: 0
      outSlope: 0
      tangentMode: 0
      weightedMode: 3
      inWeight: 0
      outWeight: 0
    - serializedVersion: 3
      time: 1
      value: 360
      inSlope: 0
      outSlope: 0
      tangentMode: 0
      weightedMode: 3
      inWeight: 0
      outWeight: 0
    m_PreInfinity: 2
    m_PostInfinity: 2
    m_RotationOrder: 4
  color:
    serializedVersion: 2
    key0: {r: 0.70597124, g: 1, b: 0, a: 1}
    key1: {r: 1, g: 0.7372549, b: 0.039215688, a: 1}
    key2: {r: 1, g: 0.30588233, b: 0.364324, a: 0}
    key3: {r: 0.07843137, g: 0.4779123, b: 1, a: 0}
    key4: {r: 0.62513065, g: 0.07843137, b: 1, a: 0}
    key5: {r: 1, g: 0.07843137, b: 0.46137494, a: 0}
    key6: {r: 1, g: 0.8209606, b: 0.07843137, a: 0}
    key7: {r: 0, g: 0, b: 0, a: 0}
    ctime0: 0
    ctime1: 46067
    ctime2: 61295
    ctime3: 37201
    ctime4: 49151
    ctime5: 57054
    ctime6: 64571
    ctime7: 0
    atime0: 0
    atime1: 65535
    atime2: 0
    atime3: 0
    atime4: 0
    atime5: 0
    atime6: 0
    atime7: 0
    m_Mode: 0
    m_NumColorKeys: 3
    m_NumAlphaKeys: 2
  spacing: 0.3
  radius: 0.4
  count: 1
  sprinklePreviewType: 6
--- !u!1 &6863803772604057466
GameObject:
  m_ObjectHideFlags: 0
  m_CorrespondingSourceObject: {fileID: 0}
  m_PrefabInstance: {fileID: 0}
  m_PrefabAsset: {fileID: 0}
  serializedVersion: 6
  m_Component:
  - component: {fileID: 6084765264246458904}
  - component: {fileID: 377439406191957720}
  m_Layer: 8
  m_Name: Option
  m_TagString: Untagged
  m_Icon: {fileID: 0}
  m_NavMeshLayer: 0
  m_StaticEditorFlags: 0
  m_IsActive: 1
--- !u!4 &6084765264246458904
Transform:
  m_ObjectHideFlags: 0
  m_CorrespondingSourceObject: {fileID: 0}
  m_PrefabInstance: {fileID: 0}
  m_PrefabAsset: {fileID: 0}
  m_GameObject: {fileID: 6863803772604057466}
  m_LocalRotation: {x: -0, y: -0, z: -0, w: 1}
  m_LocalPosition: {x: 0, y: 0, z: 0}
  m_LocalScale: {x: 1, y: 1, z: 1}
  m_Children: []
  m_Father: {fileID: 723856065939217359}
  m_RootOrder: 2
  m_LocalEulerAnglesHint: {x: 0, y: 0, z: 0}
--- !u!114 &377439406191957720
MonoBehaviour:
  m_ObjectHideFlags: 0
  m_CorrespondingSourceObject: {fileID: 0}
  m_PrefabInstance: {fileID: 0}
  m_PrefabAsset: {fileID: 0}
  m_GameObject: {fileID: 6863803772604057466}
  m_Enabled: 0
  m_EditorHideFlags: 0
  m_Script: {fileID: 11500000, guid: 552fb6fa4deaccb46ba7fa59819fc06a, type: 3}
  m_Name: 
  m_EditorClassIdentifier: 
  special: 0
  objects:
  - {fileID: 114986966024178736, guid: ab37bdefbae5a66439cc1215a71ecb11, type: 3}
  - {fileID: 2647852329520218456, guid: 8d4f907bba59f6e42b73731e08670013, type: 3}
  objectSizeX:
    serializedVersion: 2
    m_Curve:
    - serializedVersion: 3
      time: -0.0174703
      value: 0.098586164
      inSlope: 0
      outSlope: 0
      tangentMode: 0
      weightedMode: 3
      inWeight: 0
      outWeight: 0
    - serializedVersion: 3
      time: 0.9825297
      value: 0.10858616
      inSlope: 0
      outSlope: 0
      tangentMode: 0
      weightedMode: 3
      inWeight: 0
      outWeight: 0
    m_PreInfinity: 2
    m_PostInfinity: 2
    m_RotationOrder: 4
  objectSizeY:
    serializedVersion: 2
    m_Curve:
    - serializedVersion: 3
      time: 0.02899155
      value: 0.097971186
      inSlope: 0
      outSlope: 0
      tangentMode: 0
      weightedMode: 3
      inWeight: 0
      outWeight: 0
    - serializedVersion: 3
      time: 1.0289916
      value: 0.107971184
      inSlope: 0
      outSlope: 0
      tangentMode: 0
      weightedMode: 3
      inWeight: 0
      outWeight: 0
    m_PreInfinity: 2
    m_PostInfinity: 2
    m_RotationOrder: 4
  objectSizeZ:
    serializedVersion: 2
    m_Curve:
    - serializedVersion: 3
      time: -0.031579733
      value: 0.09808326
      inSlope: 0
      outSlope: 0
      tangentMode: 0
      weightedMode: 3
      inWeight: 0
      outWeight: 0
    - serializedVersion: 3
      time: 0.96842027
      value: 0.10808325
      inSlope: 0
      outSlope: 0
      tangentMode: 0
      weightedMode: 3
      inWeight: 0
      outWeight: 0
    m_PreInfinity: 2
    m_PostInfinity: 2
    m_RotationOrder: 4
  rotationX:
    serializedVersion: 2
    m_Curve:
    - serializedVersion: 3
      time: 0
      value: 0
      inSlope: 0
      outSlope: 0
      tangentMode: 0
      weightedMode: 3
      inWeight: 0
      outWeight: 0
    - serializedVersion: 3
      time: 1
      value: 0
      inSlope: 0
      outSlope: 0
      tangentMode: 0
      weightedMode: 3
      inWeight: 0
      outWeight: 0
    m_PreInfinity: 2
    m_PostInfinity: 2
    m_RotationOrder: 4
  rotationY:
    serializedVersion: 2
    m_Curve:
    - serializedVersion: 3
      time: 0
      value: 0
      inSlope: 0
      outSlope: 0
      tangentMode: 0
      weightedMode: 3
      inWeight: 0
      outWeight: 0
    - serializedVersion: 3
      time: 1
      value: 0
      inSlope: 0
      outSlope: 0
      tangentMode: 0
      weightedMode: 3
      inWeight: 0
      outWeight: 0
    m_PreInfinity: 2
    m_PostInfinity: 2
    m_RotationOrder: 4
  rotationZ:
    serializedVersion: 2
    m_Curve:
    - serializedVersion: 3
      time: 0
      value: 0
      inSlope: 0
      outSlope: 0
      tangentMode: 0
      weightedMode: 3
      inWeight: 0
      outWeight: 0
    - serializedVersion: 3
      time: 1
      value: 360
      inSlope: 0
      outSlope: 0
      tangentMode: 0
      weightedMode: 3
      inWeight: 0
      outWeight: 0
    m_PreInfinity: 2
    m_PostInfinity: 2
    m_RotationOrder: 4
  color:
    serializedVersion: 2
    key0: {r: 0.14564118, g: 0.8962264, b: 0.12259703, a: 1}
    key1: {r: 0.1061129, g: 1, b: 0.07843137, a: 1}
    key2: {r: 1, g: 0.8209606, b: 0.07843137, a: 0}
    key3: {r: 1, g: 0.8209606, b: 0.07843137, a: 0}
    key4: {r: 1, g: 0.8209606, b: 0.07843137, a: 0}
    key5: {r: 1, g: 0.8209606, b: 0.07843137, a: 0}
    key6: {r: 1, g: 0.8209606, b: 0.07843137, a: 0}
    key7: {r: 0, g: 0, b: 0, a: 0}
    ctime0: 0
    ctime1: 65535
    ctime2: 64571
    ctime3: 64571
    ctime4: 64571
    ctime5: 64571
    ctime6: 64571
    ctime7: 0
    atime0: 0
    atime1: 65535
    atime2: 0
    atime3: 0
    atime4: 0
    atime5: 0
    atime6: 0
    atime7: 0
    m_Mode: 0
    m_NumColorKeys: 2
    m_NumAlphaKeys: 2
  spacing: 0.1
  radius: 0.4
  count: 2
  sprinklePreviewType: 0
--- !u!1 &8437080660871943013
GameObject:
  m_ObjectHideFlags: 0
  m_CorrespondingSourceObject: {fileID: 0}
  m_PrefabInstance: {fileID: 0}
  m_PrefabAsset: {fileID: 0}
  serializedVersion: 6
  m_Component:
  - component: {fileID: 723856065939217359}
  m_Layer: 8
  m_Name: Options
  m_TagString: Untagged
  m_Icon: {fileID: 0}
  m_NavMeshLayer: 0
  m_StaticEditorFlags: 0
  m_IsActive: 1
--- !u!4 &723856065939217359
Transform:
  m_ObjectHideFlags: 0
  m_CorrespondingSourceObject: {fileID: 0}
  m_PrefabInstance: {fileID: 0}
  m_PrefabAsset: {fileID: 0}
  m_GameObject: {fileID: 8437080660871943013}
  m_LocalRotation: {x: 0, y: 0, z: 0, w: 1}
  m_LocalPosition: {x: 0, y: 0, z: 0}
  m_LocalScale: {x: 1, y: 1, z: 1}
  m_Children:
  - {fileID: 83307335144723309}
  - {fileID: 4705822009240629078}
  - {fileID: 6084765264246458904}
  - {fileID: 3548747434722172517}
  - {fileID: 633231292953223658}
  m_Father: {fileID: 6950551378875244224}
  m_RootOrder: 0
  m_LocalEulerAnglesHint: {x: 0, y: 0, z: 0}
--- !u!1 &8448040206528486322
GameObject:
  m_ObjectHideFlags: 0
  m_CorrespondingSourceObject: {fileID: 0}
  m_PrefabInstance: {fileID: 0}
  m_PrefabAsset: {fileID: 0}
  serializedVersion: 6
  m_Component:
  - component: {fileID: 6950551378875244224}
  - component: {fileID: 8268980098083653638}
  m_Layer: 8
  m_Name: Sprinkles Manual
  m_TagString: Untagged
  m_Icon: {fileID: 0}
  m_NavMeshLayer: 0
  m_StaticEditorFlags: 0
  m_IsActive: 1
--- !u!4 &6950551378875244224
Transform:
  m_ObjectHideFlags: 0
  m_CorrespondingSourceObject: {fileID: 0}
  m_PrefabInstance: {fileID: 0}
  m_PrefabAsset: {fileID: 0}
  m_GameObject: {fileID: 8448040206528486322}
  m_LocalRotation: {x: 0, y: 0, z: 0, w: 1}
  m_LocalPosition: {x: 0, y: -0, z: -0.065}
  m_LocalScale: {x: 0.9, y: 0.9, z: 1}
  m_Children:
  - {fileID: 723856065939217359}
  - {fileID: 5142296680016266264}
  - {fileID: 4167639563014905579}
  m_Father: {fileID: 2314804315232685732}
  m_RootOrder: 2
  m_LocalEulerAnglesHint: {x: 0, y: 0, z: 0}
--- !u!114 &8268980098083653638
MonoBehaviour:
  m_ObjectHideFlags: 0
  m_CorrespondingSourceObject: {fileID: 0}
  m_PrefabInstance: {fileID: 0}
  m_PrefabAsset: {fileID: 0}
  m_GameObject: {fileID: 8448040206528486322}
  m_Enabled: 1
  m_EditorHideFlags: 0
  m_Script: {fileID: 11500000, guid: 2179359cc2a883a438dca2c78b5c9308, type: 3}
  m_Name: 
  m_EditorClassIdentifier: 
  paths:
  - path: {fileID: 5245141307873573997}
    sections:
    - weight: 1
      options: 01000000
    magnet: 1
  - path: {fileID: 7669032951625148270}
    sections:
    - weight: 1
      options: 02000000
    magnet: 1
  options:
  - {fileID: 8762608383687384647}
  - {fileID: 6668876888059276734}
  - {fileID: 7607525269733038693}
  physicsEnabled: 1
  bonus: 0
--- !u!1001 &4157266500428967339
PrefabInstance:
  m_ObjectHideFlags: 0
  serializedVersion: 2
  m_Modification:
    m_TransformParent: {fileID: 8696533178580707040}
    m_Modifications:
    - target: {fileID: 794801451098536653, guid: 5efbd8c274f69974e86b120984fbe81b,
        type: 3}
      propertyPath: cakeTexture
      value: 
      objectReference: {fileID: 2800000, guid: 5d5b5b3c326db814eacb3f3653717056, type: 3}
    - target: {fileID: 794801451098536653, guid: 5efbd8c274f69974e86b120984fbe81b,
        type: 3}
      propertyPath: specialFill
      value: 0
      objectReference: {fileID: 0}
    - target: {fileID: 794801451098536653, guid: 5efbd8c274f69974e86b120984fbe81b,
        type: 3}
      propertyPath: specialStroke
      value: 0
      objectReference: {fileID: 0}
    - target: {fileID: 794801451098536653, guid: 5efbd8c274f69974e86b120984fbe81b,
        type: 3}
      propertyPath: toppingColor.b
      value: 0.12820399
      objectReference: {fileID: 0}
    - target: {fileID: 794801451098536653, guid: 5efbd8c274f69974e86b120984fbe81b,
        type: 3}
      propertyPath: toppingColor.g
      value: 0.32890266
      objectReference: {fileID: 0}
    - target: {fileID: 794801451098536653, guid: 5efbd8c274f69974e86b120984fbe81b,
        type: 3}
      propertyPath: toppingColor.r
      value: 0.6320754
      objectReference: {fileID: 0}
    - target: {fileID: 794801451098536653, guid: 5efbd8c274f69974e86b120984fbe81b,
        type: 3}
      propertyPath: normalCakeTexture
      value: 
      objectReference: {fileID: 2800000, guid: f7d88349fdba44e49ad70db649fb3563, type: 3}
    - target: {fileID: 794801451098536653, guid: 5efbd8c274f69974e86b120984fbe81b,
        type: 3}
      propertyPath: normalToppingColor.b
      value: 0.8980393
      objectReference: {fileID: 0}
    - target: {fileID: 794801451098536653, guid: 5efbd8c274f69974e86b120984fbe81b,
        type: 3}
      propertyPath: normalToppingColor.g
      value: 0.8980393
      objectReference: {fileID: 0}
    - target: {fileID: 794801451098536653, guid: 5efbd8c274f69974e86b120984fbe81b,
        type: 3}
      propertyPath: normalToppingColor.r
      value: 0.8980393
      objectReference: {fileID: 0}
    - target: {fileID: 794801451098536653, guid: 5efbd8c274f69974e86b120984fbe81b,
        type: 3}
      propertyPath: normalToppingTexture
      value: 
      objectReference: {fileID: 2800000, guid: 5918e19f82e9cd6469c6ea8e44770c97, type: 3}
    - target: {fileID: 1024556325742269155, guid: 5efbd8c274f69974e86b120984fbe81b,
        type: 3}
      propertyPath: m_RootOrder
      value: 3
      objectReference: {fileID: 0}
    - target: {fileID: 1227836618292905582, guid: 5efbd8c274f69974e86b120984fbe81b,
        type: 3}
      propertyPath: m_RootOrder
      value: 4
      objectReference: {fileID: 0}
    - target: {fileID: 1341202605574904496, guid: 5efbd8c274f69974e86b120984fbe81b,
        type: 3}
      propertyPath: m_Name
      value: CircleLSharp
      objectReference: {fileID: 0}
    - target: {fileID: 6955690194484411392, guid: 5efbd8c274f69974e86b120984fbe81b,
        type: 3}
      propertyPath: m_RootOrder
      value: 0
      objectReference: {fileID: 0}
    - target: {fileID: 6955690194484411392, guid: 5efbd8c274f69974e86b120984fbe81b,
        type: 3}
      propertyPath: m_LocalEulerAnglesHint.x
      value: 0
      objectReference: {fileID: 0}
    - target: {fileID: 6955690194484411392, guid: 5efbd8c274f69974e86b120984fbe81b,
        type: 3}
      propertyPath: m_LocalEulerAnglesHint.y
      value: 0
      objectReference: {fileID: 0}
    - target: {fileID: 6955690194484411392, guid: 5efbd8c274f69974e86b120984fbe81b,
        type: 3}
      propertyPath: m_LocalEulerAnglesHint.z
      value: 0
      objectReference: {fileID: 0}
    m_RemovedComponents: []
  m_SourcePrefab: {fileID: 100100000, guid: 5efbd8c274f69974e86b120984fbe81b, type: 3}
--- !u!4 &6428326317709201835 stripped
Transform:
  m_CorrespondingSourceObject: {fileID: 6955690194484411392, guid: 5efbd8c274f69974e86b120984fbe81b,
    type: 3}
  m_PrefabInstance: {fileID: 4157266500428967339}
  m_PrefabAsset: {fileID: 0}
--- !u!4 &2314804315232685732 stripped
Transform:
  m_CorrespondingSourceObject: {fileID: 1850493022598292239, guid: 5efbd8c274f69974e86b120984fbe81b,
    type: 3}
  m_PrefabInstance: {fileID: 4157266500428967339}
  m_PrefabAsset: {fileID: 0}
--- !u!114 &3654143805768226662 stripped
MonoBehaviour:
  m_CorrespondingSourceObject: {fileID: 794801451098536653, guid: 5efbd8c274f69974e86b120984fbe81b,
    type: 3}
  m_PrefabInstance: {fileID: 4157266500428967339}
  m_PrefabAsset: {fileID: 0}
  m_GameObject: {fileID: 0}
  m_Enabled: 0
  m_EditorHideFlags: 0
  m_Script: {fileID: 11500000, guid: d931adf55ff26eb4dab04b81b53ef544, type: 3}
  m_Name: 
  m_EditorClassIdentifier: 
