%YAML 1.1
%TAG !u! tag:unity3d.com,2011:
--- !u!1 &1278121650824492607
GameObject:
  m_ObjectHideFlags: 0
  m_CorrespondingSourceObject: {fileID: 0}
  m_PrefabInstance: {fileID: 0}
  m_PrefabAsset: {fileID: 0}
  serializedVersion: 6
  m_Component:
  - component: {fileID: 7732136360220511683}
  - component: {fileID: 7385543965862722341}
  - component: {fileID: 6132580640856326060}
  - component: {fileID: 5550813000491738708}
  m_Layer: 8
  m_Name: Stroke Manual 1
  m_TagString: Untagged
  m_Icon: {fileID: 0}
  m_NavMeshLayer: 0
  m_StaticEditorFlags: 0
  m_IsActive: 1
--- !u!4 &7732136360220511683
Transform:
  m_ObjectHideFlags: 0
  m_CorrespondingSourceObject: {fileID: 0}
  m_PrefabInstance: {fileID: 0}
  m_PrefabAsset: {fileID: 0}
  m_GameObject: {fileID: 1278121650824492607}
  m_LocalRotation: {x: 0, y: 0, z: 0, w: 1}
  m_LocalPosition: {x: -0.04, y: 0.04, z: -0}
  m_LocalScale: {x: 0.6808307, y: 0.7199589, z: 0.62605125}
  m_Children: []
  m_Father: {fileID: 4893394168802079990}
  m_RootOrder: 3
  m_LocalEulerAnglesHint: {x: 0, y: 0, z: 0}
--- !u!114 &7385543965862722341
MonoBehaviour:
  m_ObjectHideFlags: 0
  m_CorrespondingSourceObject: {fileID: 0}
  m_PrefabInstance: {fileID: 0}
  m_PrefabAsset: {fileID: 0}
  m_GameObject: {fileID: 1278121650824492607}
  m_Enabled: 1
  m_EditorHideFlags: 0
  m_Script: {fileID: 11500000, guid: 5120595cb07379d488e526d799bc1e6d, type: 3}
  m_Name: 
  m_EditorClassIdentifier: 
  path: {fileID: 5550813000491738708}
  sections:
  - weight: 1
    colors: 01000000
  options:
  - colors:
    - {r: 0.7647059, g: 0.2, b: 0.56078434, a: 1}
    gradient: 0
  - colors:
    - {r: 0.47058824, g: 0.93333334, b: 0.91930956, a: 1}
    gradient: 0
  - colors:
    - {r: 1, g: 0.7783019, b: 0.92296386, a: 1}
    gradient: 0
  brush: {fileID: 6132580640856326060}
  material: {fileID: 2100000, guid: 108036d14a7415f4b95df06c69a79ceb, type: 2}
--- !u!114 &6132580640856326060
MonoBehaviour:
  m_ObjectHideFlags: 0
  m_CorrespondingSourceObject: {fileID: 0}
  m_PrefabInstance: {fileID: 0}
  m_PrefabAsset: {fileID: 0}
  m_GameObject: {fileID: 1278121650824492607}
  m_Enabled: 1
  m_EditorHideFlags: 0
  m_Script: {fileID: 11500000, guid: f6202143f93329f4596fcd4f38f4496e, type: 3}
  m_Name: 
  m_EditorClassIdentifier: 
  tip: {fileID: 4760252478746094373, guid: 0499a74804bbbed4083ca126c34374b8, type: 3}
  size:
    serializedVersion: 2
    m_Curve:
    - serializedVersion: 3
      time: 0
      value: 0.2
      inSlope: 0
      outSlope: 0
      tangentMode: 0
      weightedMode: 3
      inWeight: 0
      outWeight: 0
    - serializedVersion: 3
      time: 1
      value: 0.2
      inSlope: 0
      outSlope: 0
      tangentMode: 0
      weightedMode: 3
      inWeight: 0
      outWeight: 0
    m_PreInfinity: 2
    m_PostInfinity: 2
    m_RotationOrder: 4
  twist: 0
--- !u!114 &5550813000491738708
MonoBehaviour:
  m_ObjectHideFlags: 0
  m_CorrespondingSourceObject: {fileID: 0}
  m_PrefabInstance: {fileID: 0}
  m_PrefabAsset: {fileID: 0}
  m_GameObject: {fileID: 1278121650824492607}
  m_Enabled: 1
  m_EditorHideFlags: 0
  m_Script: {fileID: 11500000, guid: c25f2c3c6d52ab744a70ac080b3e3958, type: 3}
  m_Name: 
  m_EditorClassIdentifier: 
  svgPoints:
  - x: 0.9429717725937383
    y: 1.1257411830806272
  - x: 1.0437740051272189
    y: 1.1557376969105129
  - x: 1.1466690255858352
    y: 1.042727581383118
  - x: 1.1299267754068951
    y: 0.9391349716022247
  - x: 1.1131845352071075
    y: 0.8351935704865769
  - x: 1.0102895247276436
    y: 0.761597467882801
  - x: 0.905650514331414
    y: 0.7493895848888869
  - x: 0.8271712665133942
    y: 0.7399720749844052
  - x: 0.7431112775060855
    y: 0.7605510780782132
  - x: 0.6848622331311591
    y: 0.8142657644156701
  - x: 0.5774328654458216
    y: 0.9129752156767832
  - x: 0.5530170994579933
    y: 1.0678409233876869
  - x: 0.5899895397744901
    y: 1.1850366214181214
  - x: 0.6276595793924165
    y: 1.3057202594071728
  - x: 0.7207882861378564
    y: 1.3688524623018794
  - x: 0.7518311939303098
    y: 1.3890826657449729
  - x: 0.8882106814829651
    y: 1.4783746112595844
  - x: 1.0974886756643512
    y: 1.5
  - x: 1.2495640127806102
    y: 1.3904778523936385
  - x: 1.4100104749863396
    y: 1.2753749555938763
  - x: 1.420474374695409
    y: 1.077607261736896
  - x: 1.4246599372401438
    y: 0.9925008721142509
  - x: 1.4347750406248827
    y: 0.8006627107813138
  - x: 1.3535054205490262
    y: 0.6569584987545246
  - x: 1.3189745528396513
    y: 0.6032438082590876
  - x: 1.2663062563067822
    y: 0.5212765938713781
  - x: 1.1435298370453633
    y: 0.3705964487052094
  - x: 0.7786885524835649
    y: 0.2589815184751369
  - x: 0.32908968293941254
    y: 0.12155563030714552
  - x: 0.13515872037580307
    y: 0.234216956162978
  - x: -0.5903383261196683
    y: 0.13132194734670607
  - x: -0.7218346684580798
    y: 0.11248692753774293
  - x: -0.897628175587122
    y: 0.08318800801971049
  - x: -1.062260213643123
    y: -0.04691313904222635
  - x: -1.2118939848050285
    y: -0.16480640643663313
  - x: -1.2830484948433778
    y: -0.3109521977233124
  - x: -1.313393806660786
    y: -0.38768746225648726
  - x: -1.3395535559334593
    y: -0.45430762506811545
  - x: -1.4347750406248827
    y: -0.7064876120483465
  - x: -1.3186257565153208
    y: -0.9893616955279719
  - x: -1.208754809570093
    y: -1.257237538724575
  - x: -0.9841297571598575
    y: -1.3754795841482
  - x: -0.9154168263813983
    y: -1.404429717321054
  - x: -0.6883502080168091
    y: -1.5
  - x: -0.4225671394398052
    y: -1.4905824942534986
  - x: -0.19724453097113395
    y: -1.3911754445225522
  - x: -0.11457972060837918
    y: -1.3545517955408097
  - x: 0.27223579059796704
    y: -1.1899197707903455
  - x: 0.3339727882370467
    y: -0.804848242868844
  - x: 0.3381583482869936
    y: -0.779386086244832
  - x: 0.3911754386494052
    y: -0.41105681182865483
  - x: 0.129577952575441
    y: -0.20875477739772147
  - x: -0.13620508939048998
    y: -0.0033135411207796356
  - x: -0.5523195117989083
    y: -0.10481337628207375
  - x: -0.7298569889072589
    y: -0.3423438943557322
  - x: -0.7654342472528177
    y: -0.3901290356952052
  - x: -0.8756539888591839
    y: -0.5617369969114331
  - x: -0.8170561531495031
    y: -0.7574119161488144
  - x: -0.7748517563257032
    y: -0.8983257708864956
  - x: -0.647540983184795
    y: -1.0134286676862578
  - x: -0.5013951785925792
    y: -1.0273805339650168
  - x: -0.35524937400036344
    y: -1.041332400243776
  - x: -0.2017788449340137
    y: -0.9433205383049399
  - x: -0.16550398728702553
    y: -0.8010114982699365
  - x: -0.14911054507476046
    y: -0.7368329147181985
  - x: -0.1574816643430583
    y: -0.6625392227921454
  - x: -0.2021276362687681
    y: -0.6133588994817344
  - x: -0.2572375087351432
    y: -0.5523194845121634
  - x: -0.34897102353049264
    y: -0.5446459553977386
  - x: -0.43163584719878395
    y: -0.5435995680879391
  - x: 312.69998931884766
    y: 684.2999828755856
  svgCommands: 0100000004000000040000000400000004000000040000000400000004000000040000000400000004000000040000000400000004000000040000000400000004000000040000000400000004000000040000000400000004000000040000000400000004000000040000000400000004000000040000000400000004000000040000000400000004000000040000000400000004000000040000000400000004000000040000000400000004000000040000000400000004000000040000000400000004000000040000000400000004000000040000000400000004000000040000000400000004000000040000000400000004000000040000000400000004000000040000000400000004000000040000000400000000000000
  reverse: 0
  offset: 0
--- !u!1 &1360928974290626346
GameObject:
  m_ObjectHideFlags: 0
  m_CorrespondingSourceObject: {fileID: 0}
  m_PrefabInstance: {fileID: 0}
  m_PrefabAsset: {fileID: 0}
  serializedVersion: 6
  m_Component:
  - component: {fileID: 5820106806833192449}
  m_Layer: 0
  m_Name: finishCameraTransform
  m_TagString: Untagged
  m_Icon: {fileID: 0}
  m_NavMeshLayer: 0
  m_StaticEditorFlags: 0
  m_IsActive: 1
--- !u!4 &5820106806833192449
Transform:
  m_ObjectHideFlags: 0
  m_CorrespondingSourceObject: {fileID: 0}
  m_PrefabInstance: {fileID: 0}
  m_PrefabAsset: {fileID: 0}
  m_GameObject: {fileID: 1360928974290626346}
  m_LocalRotation: {x: 0.5, y: 0, z: 0, w: 0.8660254}
  m_LocalPosition: {x: 0, y: 6.6, z: -3.6}
  m_LocalScale: {x: 1, y: 1, z: 1}
  m_Children: []
  m_Father: {fileID: 7660768979088714604}
  m_RootOrder: 1
  m_LocalEulerAnglesHint: {x: 0, y: 0, z: 0}
--- !u!1 &1952223279031401872
GameObject:
  m_ObjectHideFlags: 0
  m_CorrespondingSourceObject: {fileID: 0}
  m_PrefabInstance: {fileID: 0}
  m_PrefabAsset: {fileID: 0}
  serializedVersion: 6
  m_Component:
  - component: {fileID: 727001036626338339}
  - component: {fileID: 8560422275314219148}
  m_Layer: 8
  m_Name: Hand
  m_TagString: Untagged
  m_Icon: {fileID: 0}
  m_NavMeshLayer: 0
  m_StaticEditorFlags: 0
  m_IsActive: 1
--- !u!4 &727001036626338339
Transform:
  m_ObjectHideFlags: 0
  m_CorrespondingSourceObject: {fileID: 0}
  m_PrefabInstance: {fileID: 0}
  m_PrefabAsset: {fileID: 0}
  m_GameObject: {fileID: 1952223279031401872}
  m_LocalRotation: {x: -0, y: -0, z: -0, w: 1}
  m_LocalPosition: {x: 0, y: -0.069, z: 0}
  m_LocalScale: {x: 0.05, y: 0.05, z: 1}
  m_Children: []
  m_Father: {fileID: 7759288677006616837}
  m_RootOrder: 0
  m_LocalEulerAnglesHint: {x: 0, y: 0, z: 0}
--- !u!212 &8560422275314219148
SpriteRenderer:
  m_ObjectHideFlags: 0
  m_CorrespondingSourceObject: {fileID: 0}
  m_PrefabInstance: {fileID: 0}
  m_PrefabAsset: {fileID: 0}
  m_GameObject: {fileID: 1952223279031401872}
  m_Enabled: 1
  m_CastShadows: 0
  m_ReceiveShadows: 0
  m_DynamicOccludee: 1
  m_MotionVectors: 1
  m_LightProbeUsage: 1
  m_ReflectionProbeUsage: 1
  m_RayTracingMode: 0
  m_RayTraceProcedural: 0
  m_RenderingLayerMask: 1
  m_RendererPriority: 0
  m_Materials:
  - {fileID: 10754, guid: 0000000000000000f000000000000000, type: 0}
  m_StaticBatchInfo:
    firstSubMesh: 0
    subMeshCount: 0
  m_StaticBatchRoot: {fileID: 0}
  m_ProbeAnchor: {fileID: 0}
  m_LightProbeVolumeOverride: {fileID: 0}
  m_ScaleInLightmap: 1
  m_ReceiveGI: 1
  m_PreserveUVs: 0
  m_IgnoreNormalsForChartDetection: 0
  m_ImportantGI: 0
  m_StitchLightmapSeams: 0
  m_SelectedEditorRenderState: 0
  m_MinimumChartSize: 4
  m_AutoUVMaxDistance: 0.5
  m_AutoUVMaxAngle: 89
  m_LightmapParameters: {fileID: 0}
  m_SortingLayerID: 1830960989
  m_SortingLayer: 3
  m_SortingOrder: 1
  m_Sprite: {fileID: 21300000, guid: 8ef66171d3dbd5e419741f96e6522c09, type: 3}
  m_Color: {r: 1, g: 1, b: 1, a: 1}
  m_FlipX: 0
  m_FlipY: 0
  m_DrawMode: 0
  m_Size: {x: 5.11, y: 5.11}
  m_AdaptiveModeThreshold: 0.5
  m_SpriteTileMode: 0
  m_WasSpriteAssigned: 1
  m_MaskInteraction: 0
  m_SpriteSortPoint: 0
--- !u!1 &2280893528565265813
GameObject:
  m_ObjectHideFlags: 0
  m_CorrespondingSourceObject: {fileID: 0}
  m_PrefabInstance: {fileID: 0}
  m_PrefabAsset: {fileID: 0}
  serializedVersion: 6
  m_Component:
  - component: {fileID: 9180457697631139614}
  - component: {fileID: 8657945485665559756}
  m_Layer: 17
  m_Name: EditorPreview
  m_TagString: Untagged
  m_Icon: {fileID: 0}
  m_NavMeshLayer: 0
  m_StaticEditorFlags: 0
  m_IsActive: 1
--- !u!4 &9180457697631139614
Transform:
  m_ObjectHideFlags: 0
  m_CorrespondingSourceObject: {fileID: 0}
  m_PrefabInstance: {fileID: 0}
  m_PrefabAsset: {fileID: 0}
  m_GameObject: {fileID: 2280893528565265813}
  m_LocalRotation: {x: -0, y: -0, z: -0, w: 1}
  m_LocalPosition: {x: 0, y: 0, z: -0.001}
  m_LocalScale: {x: 3.735, y: 3.735, z: 1.1}
  m_Children: []
  m_Father: {fileID: 7949350016253345166}
  m_RootOrder: 1
  m_LocalEulerAnglesHint: {x: 0, y: 0, z: 0}
--- !u!212 &8657945485665559756
SpriteRenderer:
  m_ObjectHideFlags: 0
  m_CorrespondingSourceObject: {fileID: 0}
  m_PrefabInstance: {fileID: 0}
  m_PrefabAsset: {fileID: 0}
  m_GameObject: {fileID: 2280893528565265813}
  m_Enabled: 1
  m_CastShadows: 0
  m_ReceiveShadows: 0
  m_DynamicOccludee: 1
  m_MotionVectors: 1
  m_LightProbeUsage: 1
  m_ReflectionProbeUsage: 1
  m_RayTracingMode: 0
  m_RayTraceProcedural: 0
  m_RenderingLayerMask: 1
  m_RendererPriority: 0
  m_Materials:
  - {fileID: 10754, guid: 0000000000000000f000000000000000, type: 0}
  m_StaticBatchInfo:
    firstSubMesh: 0
    subMeshCount: 0
  m_StaticBatchRoot: {fileID: 0}
  m_ProbeAnchor: {fileID: 0}
  m_LightProbeVolumeOverride: {fileID: 0}
  m_ScaleInLightmap: 1
  m_ReceiveGI: 1
  m_PreserveUVs: 0
  m_IgnoreNormalsForChartDetection: 0
  m_ImportantGI: 0
  m_StitchLightmapSeams: 0
  m_SelectedEditorRenderState: 0
  m_MinimumChartSize: 4
  m_AutoUVMaxDistance: 0.5
  m_AutoUVMaxAngle: 89
  m_LightmapParameters: {fileID: 0}
  m_SortingLayerID: 0
  m_SortingLayer: 0
  m_SortingOrder: 0
  m_Sprite: {fileID: 0}
  m_Color: {r: 0.9294118, g: 0.9215687, b: 0.9294118, a: 1}
  m_FlipX: 0
  m_FlipY: 0
  m_DrawMode: 0
  m_Size: {x: 0.9765625, y: 0.9765625}
  m_AdaptiveModeThreshold: 0.5
  m_SpriteTileMode: 0
  m_WasSpriteAssigned: 0
  m_MaskInteraction: 0
  m_SpriteSortPoint: 0
--- !u!1 &3928140054811047254
GameObject:
  m_ObjectHideFlags: 0
  m_CorrespondingSourceObject: {fileID: 0}
  m_PrefabInstance: {fileID: 0}
  m_PrefabAsset: {fileID: 0}
  serializedVersion: 6
  m_Component:
  - component: {fileID: 4406708144835624792}
  - component: {fileID: 8101683103349148937}
  m_Layer: 8
  m_Name: Hint
  m_TagString: Untagged
  m_Icon: {fileID: 0}
  m_NavMeshLayer: 0
  m_StaticEditorFlags: 0
  m_IsActive: 0
--- !u!4 &4406708144835624792
Transform:
  m_ObjectHideFlags: 0
  m_CorrespondingSourceObject: {fileID: 0}
  m_PrefabInstance: {fileID: 0}
  m_PrefabAsset: {fileID: 0}
  m_GameObject: {fileID: 3928140054811047254}
  m_LocalRotation: {x: 0, y: 0, z: 0, w: 1}
  m_LocalPosition: {x: 0, y: 0, z: -0.01}
  m_LocalScale: {x: 3.695, y: 3.695, z: 1}
  m_Children: []
  m_Father: {fileID: 7949350016253345166}
  m_RootOrder: 3
  m_LocalEulerAnglesHint: {x: 0, y: 0, z: 0}
--- !u!212 &8101683103349148937
SpriteRenderer:
  m_ObjectHideFlags: 0
  m_CorrespondingSourceObject: {fileID: 0}
  m_PrefabInstance: {fileID: 0}
  m_PrefabAsset: {fileID: 0}
  m_GameObject: {fileID: 3928140054811047254}
  m_Enabled: 1
  m_CastShadows: 0
  m_ReceiveShadows: 0
  m_DynamicOccludee: 1
  m_MotionVectors: 1
  m_LightProbeUsage: 1
  m_ReflectionProbeUsage: 1
  m_RayTracingMode: 0
  m_RayTraceProcedural: 0
  m_RenderingLayerMask: 1
  m_RendererPriority: 0
  m_Materials:
  - {fileID: 10754, guid: 0000000000000000f000000000000000, type: 0}
  m_StaticBatchInfo:
    firstSubMesh: 0
    subMeshCount: 0
  m_StaticBatchRoot: {fileID: 0}
  m_ProbeAnchor: {fileID: 0}
  m_LightProbeVolumeOverride: {fileID: 0}
  m_ScaleInLightmap: 1
  m_ReceiveGI: 1
  m_PreserveUVs: 0
  m_IgnoreNormalsForChartDetection: 0
  m_ImportantGI: 0
  m_StitchLightmapSeams: 0
  m_SelectedEditorRenderState: 0
  m_MinimumChartSize: 4
  m_AutoUVMaxDistance: 0.5
  m_AutoUVMaxAngle: 89
  m_LightmapParameters: {fileID: 0}
  m_SortingLayerID: 0
  m_SortingLayer: 0
  m_SortingOrder: 0
  m_Sprite: {fileID: 0}
  m_Color: {r: 1, g: 1, b: 1, a: 1}
  m_FlipX: 0
  m_FlipY: 0
  m_DrawMode: 0
  m_Size: {x: 1, y: 1}
  m_AdaptiveModeThreshold: 0.5
  m_SpriteTileMode: 0
  m_WasSpriteAssigned: 0
  m_MaskInteraction: 0
  m_SpriteSortPoint: 0
--- !u!1 &3957430932380777615
GameObject:
  m_ObjectHideFlags: 0
  m_CorrespondingSourceObject: {fileID: 0}
  m_PrefabInstance: {fileID: 0}
  m_PrefabAsset: {fileID: 0}
  serializedVersion: 6
  m_Component:
  - component: {fileID: 4370574456932220750}
  - component: {fileID: 47705639768377812}
  m_Layer: 8
  m_Name: HandTutorial
  m_TagString: Untagged
  m_Icon: {fileID: 0}
  m_NavMeshLayer: 0
  m_StaticEditorFlags: 0
  m_IsActive: 1
--- !u!4 &4370574456932220750
Transform:
  m_ObjectHideFlags: 0
  m_CorrespondingSourceObject: {fileID: 0}
  m_PrefabInstance: {fileID: 0}
  m_PrefabAsset: {fileID: 0}
  m_GameObject: {fileID: 3957430932380777615}
  m_LocalRotation: {x: -0, y: -0, z: -0, w: 1}
  m_LocalPosition: {x: -0.173, y: -0.04, z: -0.5}
  m_LocalScale: {x: 1, y: 1, z: 1}
  m_Children:
  - {fileID: 2318895886979118705}
  m_Father: {fileID: 9130124907235474740}
  m_RootOrder: 0
  m_LocalEulerAnglesHint: {x: 0, y: 0, z: 0}
--- !u!95 &47705639768377812
Animator:
  serializedVersion: 3
  m_ObjectHideFlags: 0
  m_CorrespondingSourceObject: {fileID: 0}
  m_PrefabInstance: {fileID: 0}
  m_PrefabAsset: {fileID: 0}
  m_GameObject: {fileID: 3957430932380777615}
  m_Enabled: 1
  m_Avatar: {fileID: 0}
  m_Controller: {fileID: 9100000, guid: a9733f645225b7b4499c4fc6d56e50d8, type: 2}
  m_CullingMode: 0
  m_UpdateMode: 0
  m_ApplyRootMotion: 0
  m_LinearVelocityBlending: 0
  m_WarningMessage: 
  m_HasTransformHierarchy: 1
  m_AllowConstantClipSamplingOptimization: 1
  m_KeepAnimatorControllerStateOnDisable: 0
--- !u!1 &4137714936692676553
GameObject:
  m_ObjectHideFlags: 0
  m_CorrespondingSourceObject: {fileID: 0}
  m_PrefabInstance: {fileID: 0}
  m_PrefabAsset: {fileID: 0}
  serializedVersion: 6
  m_Component:
  - component: {fileID: 7759288677006616837}
  - component: {fileID: 3812072071762364060}
  m_Layer: 8
  m_Name: ToolTiphand
  m_TagString: Untagged
  m_Icon: {fileID: 0}
  m_NavMeshLayer: 0
  m_StaticEditorFlags: 0
  m_IsActive: 0
--- !u!4 &7759288677006616837
Transform:
  m_ObjectHideFlags: 0
  m_CorrespondingSourceObject: {fileID: 0}
  m_PrefabInstance: {fileID: 0}
  m_PrefabAsset: {fileID: 0}
  m_GameObject: {fileID: 4137714936692676553}
  m_LocalRotation: {x: -0, y: -0, z: -0, w: 1}
  m_LocalPosition: {x: -0.6055, y: 0, z: -0.21000007}
  m_LocalScale: {x: 3.5, y: 3.500002, z: 1}
  m_Children:
  - {fileID: 727001036626338339}
  m_Father: {fileID: 7949350016253345166}
  m_RootOrder: 4
  m_LocalEulerAnglesHint: {x: 0, y: 0, z: 0}
--- !u!95 &3812072071762364060
Animator:
  serializedVersion: 3
  m_ObjectHideFlags: 0
  m_CorrespondingSourceObject: {fileID: 0}
  m_PrefabInstance: {fileID: 0}
  m_PrefabAsset: {fileID: 0}
  m_GameObject: {fileID: 4137714936692676553}
  m_Enabled: 1
  m_Avatar: {fileID: 0}
  m_Controller: {fileID: 9100000, guid: a9733f645225b7b4499c4fc6d56e50d8, type: 2}
  m_CullingMode: 0
  m_UpdateMode: 0
  m_ApplyRootMotion: 0
  m_LinearVelocityBlending: 0
  m_WarningMessage: 
  m_HasTransformHierarchy: 1
  m_AllowConstantClipSamplingOptimization: 1
  m_KeepAnimatorControllerStateOnDisable: 0
--- !u!1 &4577677067746344793
GameObject:
  m_ObjectHideFlags: 0
  m_CorrespondingSourceObject: {fileID: 0}
  m_PrefabInstance: {fileID: 0}
  m_PrefabAsset: {fileID: 0}
  serializedVersion: 6
  m_Component:
  - component: {fileID: 7660768979088714604}
  - component: {fileID: 6129349775774161702}
  m_Layer: 0
  m_Name: fill_thang_005
  m_TagString: Untagged
  m_Icon: {fileID: 0}
  m_NavMeshLayer: 0
  m_StaticEditorFlags: 0
  m_IsActive: 1
--- !u!4 &7660768979088714604
Transform:
  m_ObjectHideFlags: 0
  m_CorrespondingSourceObject: {fileID: 0}
  m_PrefabInstance: {fileID: 0}
  m_PrefabAsset: {fileID: 0}
  m_GameObject: {fileID: 4577677067746344793}
  m_LocalRotation: {x: 0, y: 0, z: 0, w: 1}
  m_LocalPosition: {x: 0, y: 0, z: 0}
  m_LocalScale: {x: 1, y: 1, z: 1}
  m_Children:
  - {fileID: 4233668326465481721}
  - {fileID: 5820106806833192449}
  - {fileID: 29545075604205836}
  m_Father: {fileID: 0}
  m_RootOrder: 0
  m_LocalEulerAnglesHint: {x: 0, y: 0, z: 0}
--- !u!114 &6129349775774161702
MonoBehaviour:
  m_ObjectHideFlags: 0
  m_CorrespondingSourceObject: {fileID: 0}
  m_PrefabInstance: {fileID: 0}
  m_PrefabAsset: {fileID: 0}
  m_GameObject: {fileID: 4577677067746344793}
  m_Enabled: 1
  m_EditorHideFlags: 0
  m_Script: {fileID: 11500000, guid: f522867c3f9eb3e4bb325c968c25314e, type: 3}
  m_Name: 
  m_EditorClassIdentifier: 
  layers:
  - {fileID: 5854998636241644852}
  backgroundColor: {r: 0.82745105, g: 0.7137255, b: 1, a: 1}
  glitterStroke: 0
  glitterCake: 0
  newPreview: 0
  strokeRate: 0.5
  sprinkleRate: 0.5
  diskColor: {r: 0.8862745, g: 0.8251297, b: 0.6745098, a: 1}
  type: 0
  previewCameraTransform: {fileID: 29545075604205836}
  previewCameraSize: 2
  finishCameraTransform: {fileID: 5820106806833192449}
  previewScale: 1
  specialStroke: 0
  specialFill: 0
--- !u!1 &4771502975142967583
GameObject:
  m_ObjectHideFlags: 0
  m_CorrespondingSourceObject: {fileID: 0}
  m_PrefabInstance: {fileID: 0}
  m_PrefabAsset: {fileID: 0}
  serializedVersion: 6
  m_Component:
  - component: {fileID: 3461931464803161521}
  - component: {fileID: 6166102799514529665}
  - component: {fileID: 5254959996943413520}
  - component: {fileID: 3671086017693095516}
  m_Layer: 8
  m_Name: StrokeManual 1
  m_TagString: Untagged
  m_Icon: {fileID: 0}
  m_NavMeshLayer: 0
  m_StaticEditorFlags: 0
  m_IsActive: 1
--- !u!4 &3461931464803161521
Transform:
  m_ObjectHideFlags: 0
  m_CorrespondingSourceObject: {fileID: 0}
  m_PrefabInstance: {fileID: 0}
  m_PrefabAsset: {fileID: 0}
  m_GameObject: {fileID: 4771502975142967583}
  m_LocalRotation: {x: 0, y: 0, z: -0.5, w: 0.8660254}
  m_LocalPosition: {x: 0, y: 0, z: 0}
  m_LocalScale: {x: 1.1, y: 1.100001, z: 1}
  m_Children: []
  m_Father: {fileID: 4893394168802079990}
  m_RootOrder: 2
  m_LocalEulerAnglesHint: {x: 0, y: 0, z: -60}
--- !u!114 &6166102799514529665
MonoBehaviour:
  m_ObjectHideFlags: 0
  m_CorrespondingSourceObject: {fileID: 0}
  m_PrefabInstance: {fileID: 0}
  m_PrefabAsset: {fileID: 0}
  m_GameObject: {fileID: 4771502975142967583}
  m_Enabled: 1
  m_EditorHideFlags: 0
  m_Script: {fileID: 11500000, guid: f6202143f93329f4596fcd4f38f4496e, type: 3}
  m_Name: 
  m_EditorClassIdentifier: 
  tip: {fileID: 4760252478746094373, guid: b72e6a18647e9bf4ea30f272a119c269, type: 3}
  size:
    serializedVersion: 2
    m_Curve:
    - serializedVersion: 3
      time: 0
      value: 0.4
      inSlope: 0
      outSlope: 0
      tangentMode: 0
      weightedMode: 3
      inWeight: 0
      outWeight: 0
    - serializedVersion: 3
      time: 1
      value: 0.4
      inSlope: 0
      outSlope: 0
      tangentMode: 0
      weightedMode: 3
      inWeight: 0
      outWeight: 0
    m_PreInfinity: 2
    m_PostInfinity: 2
    m_RotationOrder: 4
  twist: 0.37
--- !u!114 &5254959996943413520
MonoBehaviour:
  m_ObjectHideFlags: 0
  m_CorrespondingSourceObject: {fileID: 0}
  m_PrefabInstance: {fileID: 0}
  m_PrefabAsset: {fileID: 0}
  m_GameObject: {fileID: 4771502975142967583}
  m_Enabled: 1
  m_EditorHideFlags: 0
  m_Script: {fileID: 11500000, guid: c25f2c3c6d52ab744a70ac080b3e3958, type: 3}
  m_Name: 
  m_EditorClassIdentifier: 
  svgPoints:
  - x: 1.5
    y: -0
  - x: 1.4972633313349768
    y: -0.09056774613342922
  - x: 1.4890633111470812
    y: -0.18080502038298452
  - x: 1.475429860420715
    y: -0.2703825567208586
  - x: 1.4564127261390778
    y: -0.35897349643133675
  - x: 1.4320812997628185
    y: -0.4462545807828044
  - x: 1.4025243640281226
    y: -0.5319073305638036
  - x: 1.367849768988135
    y: -0.6156192081791352
  - x: 1.3281840384798147
    y: -0.6970847580656528
  - x: 1.2836719084521715
    y: -0.7760067212664854
  - x: 1.2344757988404849
    y: -0.8520971200967337
  - x: 1.1807752209135751
    y: -0.9250783089428147
  - x: 1.1227661222566516
    y: -0.9946839873611929
  - x: 1.0606601717798212
    y: -1.0606601717798212
  - x: 0.9946839873611929
    y: -1.1227661222566516
  - x: 0.9250783089428147
    y: -1.1807752209135751
  - x: 0.8520971200967337
    y: -1.2344757988404849
  - x: 0.7760067212664854
    y: -1.2836719084521715
  - x: 0.6970847580656532
    y: -1.3281840384798147
  - x: 0.6156192081791354
    y: -1.367849768988135
  - x: 0.5319073305638032
    y: -1.4025243640281226
  - x: 0.4462545807828044
    y: -1.4320812997628185
  - x: 0.35897349643133675
    y: -1.4564127261390778
  - x: 0.2703825567208589
    y: -1.475429860420715
  - x: 0.18080502038298452
    y: -1.4890633111470812
  - x: 0.09056774613342922
    y: -1.4972633313349768
  - x: 0
    y: -1.5
  - x: -0.09056774613342922
    y: -1.4972633313349768
  - x: -0.18080502038298435
    y: -1.4890633111470812
  - x: -0.2703825567208586
    y: -1.475429860420715
  - x: -0.35897349643133625
    y: -1.4564127261390785
  - x: -0.4462545807828044
    y: -1.4320812997628185
  - x: -0.5319073305638036
    y: -1.4025243640281226
  - x: -0.6156192081791348
    y: -1.367849768988135
  - x: -0.6970847580656528
    y: -1.3281840384798147
  - x: -0.7760067212664854
    y: -1.2836719084521715
  - x: -0.8520971200967337
    y: -1.2344757988404849
  - x: -0.9250783089428147
    y: -1.1807752209135751
  - x: -0.9946839873611925
    y: -1.122766122256652
  - x: -1.0606601717798212
    y: -1.0606601717798212
  - x: -1.1227661222566518
    y: -0.9946839873611929
  - x: -1.1807752209135751
    y: -0.9250783089428147
  - x: -1.2344757988404846
    y: -0.8520971200967337
  - x: -1.283671908452171
    y: -0.7760067212664854
  - x: -1.3281840384798147
    y: -0.6970847580656532
  - x: -1.367849768988135
    y: -0.6156192081791352
  - x: -1.402524364028122
    y: -0.5319073305638039
  - x: -1.4320812997628185
    y: -0.4462545807828044
  - x: -1.456412726139078
    y: -0.3589734964313364
  - x: -1.4754298604207154
    y: -0.2703825567208589
  - x: -1.489063311147081
    y: -0.18080502038298452
  - x: -1.4972633313349764
    y: -0.09056774613342952
  - x: -1.5
    y: -0.0000000000000003111865996029636
  - x: -1.4972633313349764
    y: 0.09056774613342859
  - x: -1.489063311147081
    y: 0.18080502038298482
  - x: -1.4754298604207154
    y: 0.2703825567208586
  - x: -1.4564127261390785
    y: 0.3589734964313361
  - x: -1.4320812997628185
    y: 0.446254580782805
  - x: -1.4025243640281224
    y: 0.5319073305638035
  - x: -1.3678497689881353
    y: 0.6156192081791348
  - x: -1.3281840384798154
    y: 0.6970847580656522
  - x: -1.2836719084521713
    y: 0.7760067212664853
  - x: -1.2344757988404849
    y: 0.8520971200967334
  - x: -1.1807752209135758
    y: 0.925078308942814
  - x: -1.1227661222566516
    y: 0.9946839873611929
  - x: -1.0606601717798214
    y: 1.0606601717798212
  - x: -0.9946839873611932
    y: 1.1227661222566514
  - x: -0.9250783089428145
    y: 1.1807752209135756
  - x: -0.852097120096734
    y: 1.2344757988404846
  - x: -0.7760067212664857
    y: 1.283671908452171
  - x: -0.6970847580656525
    y: 1.328184038479815
  - x: -0.6156192081791353
    y: 1.367849768988135
  - x: -0.5319073305638039
    y: 1.402524364028122
  - x: -0.44625458078280533
    y: 1.432081299762818
  - x: -0.35897349643133675
    y: 1.456412726139078
  - x: -0.2703825567208589
    y: 1.4754298604207154
  - x: -0.18080502038298546
    y: 1.489063311147081
  - x: -0.0905677461334289
    y: 1.4972633313349764
  - x: -0.0000000000000003111865996029636
    y: 1.5
  - x: 0.09056774613342827
    y: 1.4972633313349764
  - x: 0.18080502038298482
    y: 1.489063311147081
  - x: 0.2703825567208583
    y: 1.4754298604207154
  - x: 0.3589734964313361
    y: 1.4564127261390785
  - x: 0.446254580782805
    y: 1.4320812997628185
  - x: 0.5319073305638032
    y: 1.4025243640281224
  - x: 0.6156192081791348
    y: 1.3678497689881353
  - x: 0.6970847580656518
    y: 1.3281840384798154
  - x: 0.7760067212664854
    y: 1.2836719084521713
  - x: 0.8520971200967337
    y: 1.2344757988404849
  - x: 0.9250783089428141
    y: 1.1807752209135758
  - x: 0.9946839873611929
    y: 1.1227661222566516
  - x: 1.0606601717798212
    y: 1.0606601717798214
  - x: 1.1227661222566512
    y: 0.9946839873611932
  - x: 1.1807752209135758
    y: 0.9250783089428145
  - x: 1.2344757988404849
    y: 0.852097120096734
  - x: 1.2836719084521708
    y: 0.7760067212664857
  - x: 1.3281840384798147
    y: 0.6970847580656526
  - x: 1.367849768988135
    y: 0.6156192081791354
  - x: 1.402524364028122
    y: 0.5319073305638039
  - x: 1.4320812997628178
    y: 0.44625458078280533
  - x: 1.4564127261390778
    y: 0.35897349643133675
  - x: 1.475429860420715
    y: 0.2703825567208591
  - x: 1.4890633111470812
    y: 0.18080502038298546
  - x: 1.4972633313349768
    y: 0.0905677461334289
  - x: 557.5001018571891
    y: 267.45629170629365
  - x: 557.5001018571891
    y: 267.45629170629365
  svgCommands: 01000000020000000200000002000000020000000200000002000000020000000200000002000000020000000200000002000000020000000200000002000000020000000200000002000000020000000200000002000000020000000200000002000000020000000200000002000000020000000200000002000000020000000200000002000000020000000200000002000000020000000200000002000000020000000200000002000000020000000200000002000000020000000200000002000000020000000200000002000000020000000200000002000000020000000200000002000000020000000200000002000000020000000200000002000000020000000200000002000000020000000200000002000000020000000200000002000000020000000200000002000000020000000200000002000000020000000200000002000000020000000200000002000000020000000200000002000000020000000200000002000000020000000200000002000000020000000200000002000000020000000200000002000000020000000200000002000000020000005f00000000000000
  reverse: 0
  offset: 0
--- !u!114 &3671086017693095516
MonoBehaviour:
  m_ObjectHideFlags: 0
  m_CorrespondingSourceObject: {fileID: 0}
  m_PrefabInstance: {fileID: 0}
  m_PrefabAsset: {fileID: 0}
  m_GameObject: {fileID: 4771502975142967583}
  m_Enabled: 1
  m_EditorHideFlags: 0
  m_Script: {fileID: 11500000, guid: 5120595cb07379d488e526d799bc1e6d, type: 3}
  m_Name: 
  m_EditorClassIdentifier: 
  path: {fileID: 5254959996943413520}
  sections:
  - weight: 1
    colors: 00000000
  options:
  - colors:
    - {r: 0.7647059, g: 0.2, b: 0.56078434, a: 1}
    gradient: 0
  - colors:
    - {r: 0.9339623, g: 0.6878141, b: 0.47138664, a: 1}
    gradient: 0
  - colors:
    - {r: 1, g: 0.7783019, b: 0.92296386, a: 1}
    gradient: 0
  brush: {fileID: 6166102799514529665}
  material: {fileID: 2100000, guid: 108036d14a7415f4b95df06c69a79ceb, type: 2}
--- !u!1 &5210600640225217578
GameObject:
  m_ObjectHideFlags: 0
  m_CorrespondingSourceObject: {fileID: 0}
  m_PrefabInstance: {fileID: 0}
  m_PrefabAsset: {fileID: 0}
  serializedVersion: 6
  m_Component:
  - component: {fileID: 1652868624351718461}
  - component: {fileID: 254415776308464390}
  - component: {fileID: 8660140354411118004}
  - component: {fileID: 9217621385014543836}
  - component: {fileID: 1406646036862947211}
  m_Layer: 16
  m_Name: Area
  m_TagString: Untagged
  m_Icon: {fileID: 0}
  m_NavMeshLayer: 0
  m_StaticEditorFlags: 0
  m_IsActive: 1
--- !u!4 &1652868624351718461
Transform:
  m_ObjectHideFlags: 0
  m_CorrespondingSourceObject: {fileID: 0}
  m_PrefabInstance: {fileID: 0}
  m_PrefabAsset: {fileID: 0}
  m_GameObject: {fileID: 5210600640225217578}
  m_LocalRotation: {x: -0.7071068, y: -0, z: -0, w: 0.7071068}
  m_LocalPosition: {x: 0, y: 0, z: 0.05}
  m_LocalScale: {x: 1, y: 1, z: 1}
  m_Children: []
  m_Father: {fileID: 7949350016253345166}
  m_RootOrder: 0
  m_LocalEulerAnglesHint: {x: 0, y: 0, z: 0}
--- !u!23 &254415776308464390
MeshRenderer:
  m_ObjectHideFlags: 0
  m_CorrespondingSourceObject: {fileID: 0}
  m_PrefabInstance: {fileID: 0}
  m_PrefabAsset: {fileID: 0}
  m_GameObject: {fileID: 5210600640225217578}
  m_Enabled: 1
  m_CastShadows: 1
  m_ReceiveShadows: 1
  m_DynamicOccludee: 1
  m_MotionVectors: 1
  m_LightProbeUsage: 1
  m_ReflectionProbeUsage: 1
  m_RayTracingMode: 2
  m_RayTraceProcedural: 0
  m_RenderingLayerMask: 1
  m_RendererPriority: 0
  m_Materials:
  - {fileID: 2100000, guid: 1d6bb86611de6314f95733bfbbf79b34, type: 2}
  m_StaticBatchInfo:
    firstSubMesh: 0
    subMeshCount: 0
  m_StaticBatchRoot: {fileID: 0}
  m_ProbeAnchor: {fileID: 0}
  m_LightProbeVolumeOverride: {fileID: 0}
  m_ScaleInLightmap: 1
  m_ReceiveGI: 1
  m_PreserveUVs: 0
  m_IgnoreNormalsForChartDetection: 0
  m_ImportantGI: 0
  m_StitchLightmapSeams: 0
  m_SelectedEditorRenderState: 3
  m_MinimumChartSize: 4
  m_AutoUVMaxDistance: 0.5
  m_AutoUVMaxAngle: 89
  m_LightmapParameters: {fileID: 0}
  m_SortingLayerID: 0
  m_SortingLayer: 0
  m_SortingOrder: 0
  m_AdditionalVertexStreams: {fileID: 0}
--- !u!33 &8660140354411118004
MeshFilter:
  m_ObjectHideFlags: 0
  m_CorrespondingSourceObject: {fileID: 0}
  m_PrefabInstance: {fileID: 0}
  m_PrefabAsset: {fileID: 0}
  m_GameObject: {fileID: 5210600640225217578}
  m_Mesh: {fileID: 0}
--- !u!114 &9217621385014543836
MonoBehaviour:
  m_ObjectHideFlags: 0
  m_CorrespondingSourceObject: {fileID: 0}
  m_PrefabInstance: {fileID: 0}
  m_PrefabAsset: {fileID: 0}
  m_GameObject: {fileID: 5210600640225217578}
  m_Enabled: 1
  m_EditorHideFlags: 0
  m_Script: {fileID: 11500000, guid: e27985c4b7446fd4f953cfd03b4886ab, type: 3}
  m_Name: 
  m_EditorClassIdentifier: 
--- !u!65 &1406646036862947211
BoxCollider:
  m_ObjectHideFlags: 0
  m_CorrespondingSourceObject: {fileID: 0}
  m_PrefabInstance: {fileID: 0}
  m_PrefabAsset: {fileID: 0}
  m_GameObject: {fileID: 5210600640225217578}
  m_Material: {fileID: 0}
  m_IsTrigger: 0
  m_Enabled: 1
  serializedVersion: 2
  m_Size: {x: 100, y: 1, z: 100}
  m_Center: {x: -0.84074354, y: -0.5, z: 0.16904497}
--- !u!1 &5463777082081623585
GameObject:
  m_ObjectHideFlags: 0
  m_CorrespondingSourceObject: {fileID: 0}
  m_PrefabInstance: {fileID: 0}
  m_PrefabAsset: {fileID: 0}
  serializedVersion: 6
  m_Component:
  - component: {fileID: 7949350016253345166}
  - component: {fileID: 2551780600599019353}
  m_Layer: 8
  m_Name: FillManual(Clone)
  m_TagString: Untagged
  m_Icon: {fileID: 0}
  m_NavMeshLayer: 0
  m_StaticEditorFlags: 0
  m_IsActive: 1
--- !u!4 &7949350016253345166
Transform:
  m_ObjectHideFlags: 0
  m_CorrespondingSourceObject: {fileID: 0}
  m_PrefabInstance: {fileID: 0}
  m_PrefabAsset: {fileID: 0}
  m_GameObject: {fileID: 5463777082081623585}
  m_LocalRotation: {x: 0, y: 0, z: 0, w: 1}
  m_LocalPosition: {x: 0, y: 0, z: 0}
  m_LocalScale: {x: 1, y: 1, z: 1}
  m_Children:
  - {fileID: 1652868624351718461}
  - {fileID: 9180457697631139614}
  - {fileID: 8859484205400958251}
  - {fileID: 4406708144835624792}
  - {fileID: 7759288677006616837}
  - {fileID: 9130124907235474740}
  m_Father: {fileID: 4893394168802079990}
  m_RootOrder: 1
  m_LocalEulerAnglesHint: {x: 0, y: 0, z: 0}
--- !u!114 &2551780600599019353
MonoBehaviour:
  m_ObjectHideFlags: 0
  m_CorrespondingSourceObject: {fileID: 0}
  m_PrefabInstance: {fileID: 0}
  m_PrefabAsset: {fileID: 0}
  m_GameObject: {fileID: 5463777082081623585}
  m_Enabled: 1
  m_EditorHideFlags: 0
  m_Script: {fileID: 11500000, guid: f639f652e1f0604498cb1ea542312c93, type: 3}
  m_Name: 
  m_EditorClassIdentifier: 
  drawTexture: {fileID: 2800000, guid: f5f9c2f457d8dd2458815bd294467403, type: 3}
  options:
  - PaintText: {fileID: 2800000, guid: d67c59d105bfd524ea094cead1087eaa, type: 3}
    Icon: {fileID: 21300000, guid: d67c59d105bfd524ea094cead1087eaa, type: 3}
    BlendColor: {r: 0.9294118, g: 0.9215687, b: 0.9294118, a: 1}
  - PaintText: {fileID: 2800000, guid: e6ece133a1a384f4095102eee91bd0f7, type: 3}
    Icon: {fileID: 21300000, guid: e6ece133a1a384f4095102eee91bd0f7, type: 3}
    BlendColor: {r: 0, g: 0, b: 0.28627452, a: 1}
  - PaintText: {fileID: 2800000, guid: 5f008eb2e76a46245ba735af5f9c3df1, type: 3}
    Icon: {fileID: 21300000, guid: 5f008eb2e76a46245ba735af5f9c3df1, type: 3}
    BlendColor: {r: 1, g: 0.8588236, b: 0.227451, a: 1}
  - PaintText: {fileID: 2800000, guid: 8c807e5fc3746534b9a8b58f65cced54, type: 3}
    Icon: {fileID: 21300000, guid: 8c807e5fc3746534b9a8b58f65cced54, type: 3}
    BlendColor: {r: 0.95294124, g: 0.7254902, b: 0.37254903, a: 1}
  - PaintText: {fileID: 2800000, guid: 0a3dbbc02919f6e46970073e3a33c505, type: 3}
    Icon: {fileID: 21300000, guid: 0a3dbbc02919f6e46970073e3a33c505, type: 3}
    BlendColor: {r: 0.5568628, g: 0.31764707, b: 0.13725491, a: 1}
  correctIndex: 0
  fillSurface: {fileID: 9217621385014543836}
  renderCamera: {fileID: 7107454711494075433}
  previewEditor: {fileID: 8657945485665559756}
  tooltipHand: {fileID: 4137714936692676553}
  loangOption: 1
  transformScale: 1
  patternScale: 1
  showHint: 1
  showAreaFill: 1
--- !u!1 &5490938683477469160
GameObject:
  m_ObjectHideFlags: 0
  m_CorrespondingSourceObject: {fileID: 0}
  m_PrefabInstance: {fileID: 0}
  m_PrefabAsset: {fileID: 0}
  serializedVersion: 6
  m_Component:
  - component: {fileID: 2318895886979118705}
  - component: {fileID: 2608153192817139271}
  m_Layer: 8
  m_Name: Hand
  m_TagString: Untagged
  m_Icon: {fileID: 0}
  m_NavMeshLayer: 0
  m_StaticEditorFlags: 0
  m_IsActive: 1
--- !u!4 &2318895886979118705
Transform:
  m_ObjectHideFlags: 0
  m_CorrespondingSourceObject: {fileID: 0}
  m_PrefabInstance: {fileID: 0}
  m_PrefabAsset: {fileID: 0}
  m_GameObject: {fileID: 5490938683477469160}
  m_LocalRotation: {x: -0, y: -0, z: -0, w: 1}
  m_LocalPosition: {x: 0, y: -0.069, z: -0.3}
  m_LocalScale: {x: 0.05, y: 0.05, z: 1}
  m_Children: []
  m_Father: {fileID: 4370574456932220750}
  m_RootOrder: 0
  m_LocalEulerAnglesHint: {x: 0, y: 0, z: 0}
--- !u!212 &2608153192817139271
SpriteRenderer:
  m_ObjectHideFlags: 0
  m_CorrespondingSourceObject: {fileID: 0}
  m_PrefabInstance: {fileID: 0}
  m_PrefabAsset: {fileID: 0}
  m_GameObject: {fileID: 5490938683477469160}
  m_Enabled: 1
  m_CastShadows: 0
  m_ReceiveShadows: 0
  m_DynamicOccludee: 1
  m_MotionVectors: 1
  m_LightProbeUsage: 1
  m_ReflectionProbeUsage: 1
  m_RayTracingMode: 0
  m_RayTraceProcedural: 0
  m_RenderingLayerMask: 1
  m_RendererPriority: 0
  m_Materials:
  - {fileID: 10754, guid: 0000000000000000f000000000000000, type: 0}
  m_StaticBatchInfo:
    firstSubMesh: 0
    subMeshCount: 0
  m_StaticBatchRoot: {fileID: 0}
  m_ProbeAnchor: {fileID: 0}
  m_LightProbeVolumeOverride: {fileID: 0}
  m_ScaleInLightmap: 1
  m_ReceiveGI: 1
  m_PreserveUVs: 0
  m_IgnoreNormalsForChartDetection: 0
  m_ImportantGI: 0
  m_StitchLightmapSeams: 0
  m_SelectedEditorRenderState: 0
  m_MinimumChartSize: 4
  m_AutoUVMaxDistance: 0.5
  m_AutoUVMaxAngle: 89
  m_LightmapParameters: {fileID: 0}
  m_SortingLayerID: 1830960989
  m_SortingLayer: 3
  m_SortingOrder: 1
  m_Sprite: {fileID: 21300000, guid: 8ef66171d3dbd5e419741f96e6522c09, type: 3}
  m_Color: {r: 1, g: 1, b: 1, a: 1}
  m_FlipX: 0
  m_FlipY: 0
  m_DrawMode: 0
  m_Size: {x: 5.11, y: 5.11}
  m_AdaptiveModeThreshold: 0.5
  m_SpriteTileMode: 0
  m_WasSpriteAssigned: 1
  m_MaskInteraction: 0
  m_SpriteSortPoint: 0
--- !u!1 &7551256457785824881
GameObject:
  m_ObjectHideFlags: 0
  m_CorrespondingSourceObject: {fileID: 0}
  m_PrefabInstance: {fileID: 0}
  m_PrefabAsset: {fileID: 0}
  serializedVersion: 6
  m_Component:
  - component: {fileID: 9130124907235474740}
  - component: {fileID: 7088325409242738383}
  m_Layer: 8
  m_Name: Tutorial
  m_TagString: Untagged
  m_Icon: {fileID: 0}
  m_NavMeshLayer: 0
  m_StaticEditorFlags: 0
  m_IsActive: 0
--- !u!4 &9130124907235474740
Transform:
  m_ObjectHideFlags: 0
  m_CorrespondingSourceObject: {fileID: 0}
  m_PrefabInstance: {fileID: 0}
  m_PrefabAsset: {fileID: 0}
  m_GameObject: {fileID: 7551256457785824881}
  m_LocalRotation: {x: 0, y: 0, z: 0, w: 1}
  m_LocalPosition: {x: 0, y: 0, z: -0.01}
  m_LocalScale: {x: 3.5, y: 3.5, z: 1}
  m_Children:
  - {fileID: 4370574456932220750}
  m_Father: {fileID: 7949350016253345166}
  m_RootOrder: 5
  m_LocalEulerAnglesHint: {x: 0, y: 0, z: 0}
--- !u!212 &7088325409242738383
SpriteRenderer:
  m_ObjectHideFlags: 0
  m_CorrespondingSourceObject: {fileID: 0}
  m_PrefabInstance: {fileID: 0}
  m_PrefabAsset: {fileID: 0}
  m_GameObject: {fileID: 7551256457785824881}
  m_Enabled: 1
  m_CastShadows: 0
  m_ReceiveShadows: 0
  m_DynamicOccludee: 1
  m_MotionVectors: 1
  m_LightProbeUsage: 1
  m_ReflectionProbeUsage: 1
  m_RayTracingMode: 0
  m_RayTraceProcedural: 0
  m_RenderingLayerMask: 1
  m_RendererPriority: 0
  m_Materials:
  - {fileID: 10754, guid: 0000000000000000f000000000000000, type: 0}
  m_StaticBatchInfo:
    firstSubMesh: 0
    subMeshCount: 0
  m_StaticBatchRoot: {fileID: 0}
  m_ProbeAnchor: {fileID: 0}
  m_LightProbeVolumeOverride: {fileID: 0}
  m_ScaleInLightmap: 1
  m_ReceiveGI: 1
  m_PreserveUVs: 0
  m_IgnoreNormalsForChartDetection: 0
  m_ImportantGI: 0
  m_StitchLightmapSeams: 0
  m_SelectedEditorRenderState: 0
  m_MinimumChartSize: 4
  m_AutoUVMaxDistance: 0.5
  m_AutoUVMaxAngle: 89
  m_LightmapParameters: {fileID: 0}
  m_SortingLayerID: 1830960989
  m_SortingLayer: 3
  m_SortingOrder: 0
  m_Sprite: {fileID: 0}
  m_Color: {r: 1, g: 1, b: 1, a: 0.5882353}
  m_FlipX: 0
  m_FlipY: 0
  m_DrawMode: 0
  m_Size: {x: 5.4166665, y: 5.406901}
  m_AdaptiveModeThreshold: 0.5
  m_SpriteTileMode: 0
  m_WasSpriteAssigned: 0
  m_MaskInteraction: 0
  m_SpriteSortPoint: 0
--- !u!1 &9019157276802812729
GameObject:
  m_ObjectHideFlags: 0
  m_CorrespondingSourceObject: {fileID: 0}
  m_PrefabInstance: {fileID: 0}
  m_PrefabAsset: {fileID: 0}
  serializedVersion: 6
  m_Component:
  - component: {fileID: 29545075604205836}
  m_Layer: 0
  m_Name: previewCameraTransform
  m_TagString: Untagged
  m_Icon: {fileID: 0}
  m_NavMeshLayer: 0
  m_StaticEditorFlags: 0
  m_IsActive: 1
--- !u!4 &29545075604205836
Transform:
  m_ObjectHideFlags: 0
  m_CorrespondingSourceObject: {fileID: 0}
  m_PrefabInstance: {fileID: 0}
  m_PrefabAsset: {fileID: 0}
  m_GameObject: {fileID: 9019157276802812729}
  m_LocalRotation: {x: 0.5, y: 0, z: 0, w: 0.8660254}
  m_LocalPosition: {x: 0, y: 6.6, z: -3.6}
  m_LocalScale: {x: 1, y: 1, z: 1}
  m_Children: []
  m_Father: {fileID: 7660768979088714604}
  m_RootOrder: 2
  m_LocalEulerAnglesHint: {x: 0, y: 0, z: 0}
--- !u!1 &9020481826049075741
GameObject:
  m_ObjectHideFlags: 0
  m_CorrespondingSourceObject: {fileID: 0}
  m_PrefabInstance: {fileID: 0}
  m_PrefabAsset: {fileID: 0}
  serializedVersion: 6
  m_Component:
  - component: {fileID: 8859484205400958251}
  - component: {fileID: 7187513826966851930}
  - component: {fileID: 7107454711494075433}
  m_Layer: 0
  m_Name: RenderCamera
  m_TagString: Untagged
  m_Icon: {fileID: 0}
  m_NavMeshLayer: 0
  m_StaticEditorFlags: 0
  m_IsActive: 0
--- !u!4 &8859484205400958251
Transform:
  m_ObjectHideFlags: 0
  m_CorrespondingSourceObject: {fileID: 0}
  m_PrefabInstance: {fileID: 0}
  m_PrefabAsset: {fileID: 0}
  m_GameObject: {fileID: 9020481826049075741}
  m_LocalRotation: {x: 0, y: 0, z: 0, w: 1}
  m_LocalPosition: {x: 0, y: 0, z: 5}
  m_LocalScale: {x: 1, y: 1, z: 1}
  m_Children: []
  m_Father: {fileID: 7949350016253345166}
  m_RootOrder: 2
  m_LocalEulerAnglesHint: {x: 0, y: 0, z: 0}
--- !u!20 &7187513826966851930
Camera:
  m_ObjectHideFlags: 0
  m_CorrespondingSourceObject: {fileID: 0}
  m_PrefabInstance: {fileID: 0}
  m_PrefabAsset: {fileID: 0}
  m_GameObject: {fileID: 9020481826049075741}
  m_Enabled: 1
  serializedVersion: 2
  m_ClearFlags: 3
  m_BackGroundColor: {r: 0.19215687, g: 0.3019608, b: 0.4745098, a: 0}
  m_projectionMatrixMode: 1
  m_GateFitMode: 2
  m_FOVAxisMode: 0
  m_SensorSize: {x: 36, y: 24}
  m_LensShift: {x: 0, y: 0}
  m_FocalLength: 50
  m_NormalizedViewPortRect:
    serializedVersion: 2
    x: 0
    y: 0
    width: 1
    height: 1
  near clip plane: 0.3
  far clip plane: 1000
  field of view: 164.2
  orthographic: 1
  orthographic size: 0.5
  m_Depth: 0
  m_CullingMask:
    serializedVersion: 2
    m_Bits: 16384
  m_RenderingPath: -1
  m_TargetTexture: {fileID: 0}
  m_TargetDisplay: 0
  m_TargetEye: 3
  m_HDR: 0
  m_AllowMSAA: 0
  m_AllowDynamicResolution: 0
  m_ForceIntoRT: 0
  m_OcclusionCulling: 0
  m_StereoConvergence: 10
  m_StereoSeparation: 0.022
--- !u!114 &7107454711494075433
MonoBehaviour:
  m_ObjectHideFlags: 0
  m_CorrespondingSourceObject: {fileID: 0}
  m_PrefabInstance: {fileID: 0}
  m_PrefabAsset: {fileID: 0}
  m_GameObject: {fileID: 9020481826049075741}
  m_Enabled: 1
  m_EditorHideFlags: 0
  m_Script: {fileID: 11500000, guid: 00f5e22643ec3c447882201517f878f9, type: 3}
  m_Name: 
  m_EditorClassIdentifier: 
  fillElementPrefab: {fileID: 8661648435844971284, guid: 2b681b85528ec23488181b02228d9e98,
    type: 3}
  renderCamera: {fileID: 7187513826966851930}
  elements: []
--- !u!1001 &6505046727201200121
PrefabInstance:
  m_ObjectHideFlags: 0
  serializedVersion: 2
  m_Modification:
    m_TransformParent: {fileID: 7660768979088714604}
    m_Modifications:
    - target: {fileID: 794801451098536653, guid: 5efbd8c274f69974e86b120984fbe81b,
        type: 3}
      propertyPath: cakeTexture
      value: 
      objectReference: {fileID: 2800000, guid: 9e0491bd598bdfb46be24f2ce6835f20, type: 3}
    - target: {fileID: 794801451098536653, guid: 5efbd8c274f69974e86b120984fbe81b,
        type: 3}
      propertyPath: diskColor.b
      value: 0.6745098
      objectReference: {fileID: 0}
    - target: {fileID: 794801451098536653, guid: 5efbd8c274f69974e86b120984fbe81b,
        type: 3}
      propertyPath: diskColor.g
      value: 0.8251297
      objectReference: {fileID: 0}
    - target: {fileID: 794801451098536653, guid: 5efbd8c274f69974e86b120984fbe81b,
        type: 3}
      propertyPath: diskColor.r
      value: 0.8862745
      objectReference: {fileID: 0}
    - target: {fileID: 794801451098536653, guid: 5efbd8c274f69974e86b120984fbe81b,
        type: 3}
      propertyPath: toppingColor.b
      value: 1
      objectReference: {fileID: 0}
    - target: {fileID: 794801451098536653, guid: 5efbd8c274f69974e86b120984fbe81b,
        type: 3}
      propertyPath: toppingColor.g
      value: 0.99525195
      objectReference: {fileID: 0}
    - target: {fileID: 794801451098536653, guid: 5efbd8c274f69974e86b120984fbe81b,
        type: 3}
      propertyPath: toppingColor.r
      value: 0.9198113
      objectReference: {fileID: 0}
    - target: {fileID: 1024556325742269155, guid: 5efbd8c274f69974e86b120984fbe81b,
        type: 3}
      propertyPath: m_RootOrder
      value: 4
      objectReference: {fileID: 0}
    - target: {fileID: 1227836618292905582, guid: 5efbd8c274f69974e86b120984fbe81b,
        type: 3}
      propertyPath: m_RootOrder
      value: 5
      objectReference: {fileID: 0}
    - target: {fileID: 1341202605574904496, guid: 5efbd8c274f69974e86b120984fbe81b,
        type: 3}
      propertyPath: m_Name
      value: CircleLSharp
      objectReference: {fileID: 0}
    - target: {fileID: 1850493022598292239, guid: 5efbd8c274f69974e86b120984fbe81b,
        type: 3}
      propertyPath: m_LocalScale.x
      value: 1
      objectReference: {fileID: 0}
    - target: {fileID: 6955690194484411392, guid: 5efbd8c274f69974e86b120984fbe81b,
        type: 3}
      propertyPath: m_RootOrder
      value: 0
      objectReference: {fileID: 0}
    - target: {fileID: 6955690194484411392, guid: 5efbd8c274f69974e86b120984fbe81b,
        type: 3}
      propertyPath: m_LocalEulerAnglesHint.x
      value: 0
      objectReference: {fileID: 0}
    - target: {fileID: 6955690194484411392, guid: 5efbd8c274f69974e86b120984fbe81b,
        type: 3}
      propertyPath: m_LocalEulerAnglesHint.y
      value: 0
      objectReference: {fileID: 0}
    - target: {fileID: 6955690194484411392, guid: 5efbd8c274f69974e86b120984fbe81b,
        type: 3}
      propertyPath: m_LocalEulerAnglesHint.z
      value: 0
      objectReference: {fileID: 0}
    m_RemovedComponents: []
  m_SourcePrefab: {fileID: 100100000, guid: 5efbd8c274f69974e86b120984fbe81b, type: 3}
--- !u!4 &4893394168802079990 stripped
Transform:
  m_CorrespondingSourceObject: {fileID: 1850493022598292239, guid: 5efbd8c274f69974e86b120984fbe81b,
    type: 3}
  m_PrefabInstance: {fileID: 6505046727201200121}
  m_PrefabAsset: {fileID: 0}
--- !u!114 &5854998636241644852 stripped
MonoBehaviour:
  m_CorrespondingSourceObject: {fileID: 794801451098536653, guid: 5efbd8c274f69974e86b120984fbe81b,
    type: 3}
  m_PrefabInstance: {fileID: 6505046727201200121}
  m_PrefabAsset: {fileID: 0}
  m_GameObject: {fileID: 0}
  m_Enabled: 0
  m_EditorHideFlags: 0
  m_Script: {fileID: 11500000, guid: d931adf55ff26eb4dab04b81b53ef544, type: 3}
  m_Name: 
  m_EditorClassIdentifier: 
--- !u!4 &4233668326465481721 stripped
Transform:
  m_CorrespondingSourceObject: {fileID: 6955690194484411392, guid: 5efbd8c274f69974e86b120984fbe81b,
    type: 3}
  m_PrefabInstance: {fileID: 6505046727201200121}
  m_PrefabAsset: {fileID: 0}
