%YAML 1.1
%TAG !u! tag:unity3d.com,2011:
--- !u!1 &44009993648983470
GameObject:
  m_ObjectHideFlags: 0
  m_CorrespondingSourceObject: {fileID: 0}
  m_PrefabInstance: {fileID: 0}
  m_PrefabAsset: {fileID: 0}
  serializedVersion: 6
  m_Component:
  - component: {fileID: 213731779275702945}
  - component: {fileID: 6798215963151877566}
  - component: {fileID: 8008602481345692221}
  m_Layer: 8
  m_Name: Path 8
  m_TagString: Untagged
  m_Icon: {fileID: 0}
  m_NavMeshLayer: 0
  m_StaticEditorFlags: 0
  m_IsActive: 1
--- !u!4 &213731779275702945
Transform:
  m_ObjectHideFlags: 0
  m_CorrespondingSourceObject: {fileID: 0}
  m_PrefabInstance: {fileID: 0}
  m_PrefabAsset: {fileID: 0}
  m_GameObject: {fileID: 44009993648983470}
  m_LocalRotation: {x: 0, y: 0, z: 0, w: 1}
  m_LocalPosition: {x: 0, y: -0.003, z: 0}
  m_LocalScale: {x: 1, y: 1, z: 1}
  m_Children: []
  m_Father: {fileID: 382025427273320548}
  m_RootOrder: 7
  m_LocalEulerAnglesHint: {x: 0, y: 0, z: 0}
--- !u!114 &6798215963151877566
MonoBehaviour:
  m_ObjectHideFlags: 0
  m_CorrespondingSourceObject: {fileID: 0}
  m_PrefabInstance: {fileID: 0}
  m_PrefabAsset: {fileID: 0}
  m_GameObject: {fileID: 44009993648983470}
  m_Enabled: 1
  m_EditorHideFlags: 0
  m_Script: {fileID: 11500000, guid: c25f2c3c6d52ab744a70ac080b3e3958, type: 3}
  m_Name: 
  m_EditorClassIdentifier: 
  svgPoints:
  - x: 0.2809268761478427
    y: -0.6797494075831773
  - x: 0.2809268761478427
    y: -0.6797494075831773
  - x: 0.25179260218502775
    y: -1
  - x: -0.010189436907601173
    y: -0.9824892464923298
  - x: -0.10914030012791286
    y: -0.9708657278367064
  - x: -0.26054794474795734
    y: -0.9591667318573266
  - x: -0.30130574996304504
    y: -0.714619956351962
  - x: 258.0800018310547
    y: 515.1799964904785
  svgCommands: 0100000004000000040000000400000004000000040000000400000000000000
--- !u!114 &8008602481345692221
MonoBehaviour:
  m_ObjectHideFlags: 0
  m_CorrespondingSourceObject: {fileID: 0}
  m_PrefabInstance: {fileID: 0}
  m_PrefabAsset: {fileID: 0}
  m_GameObject: {fileID: 44009993648983470}
  m_Enabled: 1
  m_EditorHideFlags: 0
  m_Script: {fileID: 11500000, guid: 00c5749d5872ba94ba91fb2b55ccaec5, type: 3}
  m_Name: 
  m_EditorClassIdentifier: 
  path: {fileID: 6798215963151877566}
  color: {r: 0.990566, g: 0.6667413, b: 0.1728818, a: 1}
  brush: {fileID: 7563262745682892805}
  strokeMaterial: {fileID: 2100000, guid: 88b0fded718927640bbb51b41eec1dc7, type: 2}
--- !u!1 &137140550865066899
GameObject:
  m_ObjectHideFlags: 0
  m_CorrespondingSourceObject: {fileID: 0}
  m_PrefabInstance: {fileID: 0}
  m_PrefabAsset: {fileID: 0}
  serializedVersion: 6
  m_Component:
  - component: {fileID: 6097155175043141462}
  - component: {fileID: 7276233394917835063}
  - component: {fileID: 383890216384934178}
  m_Layer: 8
  m_Name: Path 2
  m_TagString: Untagged
  m_Icon: {fileID: 0}
  m_NavMeshLayer: 0
  m_StaticEditorFlags: 0
  m_IsActive: 1
--- !u!4 &6097155175043141462
Transform:
  m_ObjectHideFlags: 0
  m_CorrespondingSourceObject: {fileID: 0}
  m_PrefabInstance: {fileID: 0}
  m_PrefabAsset: {fileID: 0}
  m_GameObject: {fileID: 137140550865066899}
  m_LocalRotation: {x: 0, y: 0, z: 0, w: 1}
  m_LocalPosition: {x: 0, y: -0.003, z: 0}
  m_LocalScale: {x: 1, y: 1, z: 1}
  m_Children: []
  m_Father: {fileID: 382025427273320548}
  m_RootOrder: 1
  m_LocalEulerAnglesHint: {x: 0, y: 0, z: 0}
--- !u!114 &7276233394917835063
MonoBehaviour:
  m_ObjectHideFlags: 0
  m_CorrespondingSourceObject: {fileID: 0}
  m_PrefabInstance: {fileID: 0}
  m_PrefabAsset: {fileID: 0}
  m_GameObject: {fileID: 137140550865066899}
  m_Enabled: 1
  m_EditorHideFlags: 0
  m_Script: {fileID: 11500000, guid: c25f2c3c6d52ab744a70ac080b3e3958, type: 3}
  m_Name: 
  m_EditorClassIdentifier: 
  svgPoints:
  - x: 0.021813077930675988
    y: 0.19654320299481814
  - x: 0.021813077930675988
    y: 0.19654320299481814
  - x: 0.09170514811097191
    y: 0.6215564287568924
  - x: 0.38282147556258656
    y: 0.7555287773982884
  - x: 0.5167183738730462
    y: 0.8020983311440597
  - x: 0.8311572177591854
    y: 0.7904748124884363
  - x: 0.7845876496172433
    y: 0.4644124643428445
  - x: 0.7322063365436602
    y: 0.3537626033436316
  - x: 0.5749869181996333
    y: 0.08015704379585792
  - x: 0.19065600413319822
    y: 0.02188848507310001
  - x: 323.26001358032227
    y: 417.5999946594238
  svgCommands: 0100000004000000040000000400000004000000040000000400000004000000040000000400000000000000
--- !u!114 &383890216384934178
MonoBehaviour:
  m_ObjectHideFlags: 0
  m_CorrespondingSourceObject: {fileID: 0}
  m_PrefabInstance: {fileID: 0}
  m_PrefabAsset: {fileID: 0}
  m_GameObject: {fileID: 137140550865066899}
  m_Enabled: 1
  m_EditorHideFlags: 0
  m_Script: {fileID: 11500000, guid: 00c5749d5872ba94ba91fb2b55ccaec5, type: 3}
  m_Name: 
  m_EditorClassIdentifier: 
  path: {fileID: 7276233394917835063}
  color: {r: 0.32549015, g: 0.8784314, b: 0.52053875, a: 1}
  brush: {fileID: 7563262745682892805}
  strokeMaterial: {fileID: 2100000, guid: 88b0fded718927640bbb51b41eec1dc7, type: 2}
--- !u!1 &382025426924783635
GameObject:
  m_ObjectHideFlags: 0
  m_CorrespondingSourceObject: {fileID: 0}
  m_PrefabInstance: {fileID: 0}
  m_PrefabAsset: {fileID: 0}
  serializedVersion: 6
  m_Component:
  - component: {fileID: 382025426924783636}
  - component: {fileID: 382025426924783637}
  m_Layer: 0
  m_Name: Box8
  m_TagString: Untagged
  m_Icon: {fileID: 0}
  m_NavMeshLayer: 0
  m_StaticEditorFlags: 0
  m_IsActive: 1
--- !u!4 &382025426924783636
Transform:
  m_ObjectHideFlags: 0
  m_CorrespondingSourceObject: {fileID: 0}
  m_PrefabInstance: {fileID: 0}
  m_PrefabAsset: {fileID: 0}
  m_GameObject: {fileID: 382025426924783635}
  m_LocalRotation: {x: 0, y: 0, z: 0, w: 1}
  m_LocalPosition: {x: -12, y: 0, z: 0}
  m_LocalScale: {x: 1, y: 1, z: 1}
  m_Children:
  - {fileID: 7526846009561003340}
  m_Father: {fileID: 0}
  m_RootOrder: 0
  m_LocalEulerAnglesHint: {x: 0, y: 0, z: 0}
--- !u!114 &382025426924783637
MonoBehaviour:
  m_ObjectHideFlags: 0
  m_CorrespondingSourceObject: {fileID: 0}
  m_PrefabInstance: {fileID: 0}
  m_PrefabAsset: {fileID: 0}
  m_GameObject: {fileID: 382025426924783635}
  m_Enabled: 0
  m_EditorHideFlags: 0
  m_Script: {fileID: 11500000, guid: 15db090a87d0c1448b26a181e4047f63, type: 3}
  m_Name: 
  m_EditorClassIdentifier: 
  strapColor: {r: 0.8117648, g: 0.8196079, b: 0.45882356, a: 1}
  capColor: {r: 0.9811321, g: 0.6410247, b: 0.254539, a: 1}
  color: {r: 1, g: 0.80392164, b: 0.26666668, a: 1}
  upgrade: {fileID: 2100000, guid: 2efc56438157e074ea6d61fe6371e113, type: 2}
  cap: {fileID: 382025427396987774}
  surface: {fileID: 382025427273320549}
--- !u!1 &1097773917362376971
GameObject:
  m_ObjectHideFlags: 0
  m_CorrespondingSourceObject: {fileID: 0}
  m_PrefabInstance: {fileID: 0}
  m_PrefabAsset: {fileID: 0}
  serializedVersion: 6
  m_Component:
  - component: {fileID: 1094946014289315381}
  - component: {fileID: 3079905173635990458}
  - component: {fileID: 3540730003749268061}
  m_Layer: 8
  m_Name: Path 6
  m_TagString: Untagged
  m_Icon: {fileID: 0}
  m_NavMeshLayer: 0
  m_StaticEditorFlags: 0
  m_IsActive: 1
--- !u!4 &1094946014289315381
Transform:
  m_ObjectHideFlags: 0
  m_CorrespondingSourceObject: {fileID: 0}
  m_PrefabInstance: {fileID: 0}
  m_PrefabAsset: {fileID: 0}
  m_GameObject: {fileID: 1097773917362376971}
  m_LocalRotation: {x: 0, y: 0, z: 0, w: 1}
  m_LocalPosition: {x: 0, y: -0.003, z: 0}
  m_LocalScale: {x: 1, y: 1, z: 1}
  m_Children: []
  m_Father: {fileID: 382025427273320548}
  m_RootOrder: 5
  m_LocalEulerAnglesHint: {x: 0, y: 0, z: 0}
--- !u!114 &3079905173635990458
MonoBehaviour:
  m_ObjectHideFlags: 0
  m_CorrespondingSourceObject: {fileID: 0}
  m_PrefabInstance: {fileID: 0}
  m_PrefabAsset: {fileID: 0}
  m_GameObject: {fileID: 1097773917362376971}
  m_Enabled: 1
  m_EditorHideFlags: 0
  m_Script: {fileID: 11500000, guid: c25f2c3c6d52ab744a70ac080b3e3958, type: 3}
  m_Name: 
  m_EditorClassIdentifier: 
  svgPoints:
  - x: -0.2809268761478427
    y: 0.6797494075831773
  - x: -0.2809268761478427
    y: 0.6797494075831773
  - x: -0.25179260218502775
    y: 1
  - x: 0.010189436907601173
    y: 0.9824892464923298
  - x: 0.10914030012791286
    y: 0.9708657278367064
  - x: 0.26054794474795734
    y: 0.9591667318573266
  - x: 0.30130574996304504
    y: 0.714619956351962
  - x: 337.9199981689453
    y: 325.8200035095215
  svgCommands: 0100000004000000040000000400000004000000040000000400000000000000
--- !u!114 &3540730003749268061
MonoBehaviour:
  m_ObjectHideFlags: 0
  m_CorrespondingSourceObject: {fileID: 0}
  m_PrefabInstance: {fileID: 0}
  m_PrefabAsset: {fileID: 0}
  m_GameObject: {fileID: 1097773917362376971}
  m_Enabled: 1
  m_EditorHideFlags: 0
  m_Script: {fileID: 11500000, guid: 00c5749d5872ba94ba91fb2b55ccaec5, type: 3}
  m_Name: 
  m_EditorClassIdentifier: 
  path: {fileID: 3079905173635990458}
  color: {r: 0.990566, g: 0.6667413, b: 0.1728818, a: 1}
  brush: {fileID: 7563262745682892805}
  strokeMaterial: {fileID: 2100000, guid: 88b0fded718927640bbb51b41eec1dc7, type: 2}
--- !u!1 &1561371089129787567
GameObject:
  m_ObjectHideFlags: 0
  m_CorrespondingSourceObject: {fileID: 0}
  m_PrefabInstance: {fileID: 0}
  m_PrefabAsset: {fileID: 0}
  serializedVersion: 6
  m_Component:
  - component: {fileID: 7536919347063960349}
  - component: {fileID: 8338301135900577349}
  - component: {fileID: 8059574365308916281}
  m_Layer: 8
  m_Name: Path 5
  m_TagString: Untagged
  m_Icon: {fileID: 0}
  m_NavMeshLayer: 0
  m_StaticEditorFlags: 0
  m_IsActive: 1
--- !u!4 &7536919347063960349
Transform:
  m_ObjectHideFlags: 0
  m_CorrespondingSourceObject: {fileID: 0}
  m_PrefabInstance: {fileID: 0}
  m_PrefabAsset: {fileID: 0}
  m_GameObject: {fileID: 1561371089129787567}
  m_LocalRotation: {x: 0, y: 0, z: 0, w: 1}
  m_LocalPosition: {x: 0, y: -0.003, z: 0}
  m_LocalScale: {x: 1, y: 1, z: 1}
  m_Children: []
  m_Father: {fileID: 382025427273320548}
  m_RootOrder: 4
  m_LocalEulerAnglesHint: {x: 0, y: 0, z: 0}
--- !u!114 &8338301135900577349
MonoBehaviour:
  m_ObjectHideFlags: 0
  m_CorrespondingSourceObject: {fileID: 0}
  m_PrefabInstance: {fileID: 0}
  m_PrefabAsset: {fileID: 0}
  m_GameObject: {fileID: 1561371089129787567}
  m_Enabled: 1
  m_EditorHideFlags: 0
  m_Script: {fileID: 11500000, guid: c25f2c3c6d52ab744a70ac080b3e3958, type: 3}
  m_Name: 
  m_EditorClassIdentifier: 
  svgPoints:
  - x: 0.19654320299481814
    y: -0.021813077930675988
  - x: 0.19654320299481814
    y: -0.021813077930675988
  - x: 0.6215564287568924
    y: -0.09170514811097191
  - x: 0.7555287773982884
    y: -0.38282147556258656
  - x: 0.8020983311440597
    y: -0.5167183738730462
  - x: 0.7904748124884363
    y: -0.8311572177591854
  - x: 0.4644124643428445
    y: -0.7845876496172433
  - x: 0.3537626033436316
    y: -0.7322063365436602
  - x: 0.08015704379585792
    y: -0.5749869181996333
  - x: 0.02188848507310001
    y: -0.19065600413319822
  - x: 300.9000053405762
    y: 445.76001358032227
  svgCommands: 0100000004000000040000000400000004000000040000000400000004000000040000000400000000000000
--- !u!114 &8059574365308916281
MonoBehaviour:
  m_ObjectHideFlags: 0
  m_CorrespondingSourceObject: {fileID: 0}
  m_PrefabInstance: {fileID: 0}
  m_PrefabAsset: {fileID: 0}
  m_GameObject: {fileID: 1561371089129787567}
  m_Enabled: 1
  m_EditorHideFlags: 0
  m_Script: {fileID: 11500000, guid: 00c5749d5872ba94ba91fb2b55ccaec5, type: 3}
  m_Name: 
  m_EditorClassIdentifier: 
  path: {fileID: 8338301135900577349}
  color: {r: 0.32549015, g: 0.8784314, b: 0.52053875, a: 1}
  brush: {fileID: 7563262745682892805}
  strokeMaterial: {fileID: 2100000, guid: 88b0fded718927640bbb51b41eec1dc7, type: 2}
--- !u!1 &2318793390892070267
GameObject:
  m_ObjectHideFlags: 0
  m_CorrespondingSourceObject: {fileID: 0}
  m_PrefabInstance: {fileID: 0}
  m_PrefabAsset: {fileID: 0}
  serializedVersion: 6
  m_Component:
  - component: {fileID: 4475286812256310900}
  - component: {fileID: 6371257854988368344}
  - component: {fileID: 7987778376366141636}
  m_Layer: 8
  m_Name: Path 4
  m_TagString: Untagged
  m_Icon: {fileID: 0}
  m_NavMeshLayer: 0
  m_StaticEditorFlags: 0
  m_IsActive: 1
--- !u!4 &4475286812256310900
Transform:
  m_ObjectHideFlags: 0
  m_CorrespondingSourceObject: {fileID: 0}
  m_PrefabInstance: {fileID: 0}
  m_PrefabAsset: {fileID: 0}
  m_GameObject: {fileID: 2318793390892070267}
  m_LocalRotation: {x: 0, y: 0, z: 0, w: 1}
  m_LocalPosition: {x: 0, y: -0.003, z: 0}
  m_LocalScale: {x: 1, y: 1, z: 1}
  m_Children: []
  m_Father: {fileID: 382025427273320548}
  m_RootOrder: 3
  m_LocalEulerAnglesHint: {x: 0, y: 0, z: 0}
--- !u!114 &6371257854988368344
MonoBehaviour:
  m_ObjectHideFlags: 0
  m_CorrespondingSourceObject: {fileID: 0}
  m_PrefabInstance: {fileID: 0}
  m_PrefabAsset: {fileID: 0}
  m_GameObject: {fileID: 2318793390892070267}
  m_Enabled: 1
  m_EditorHideFlags: 0
  m_Script: {fileID: 11500000, guid: c25f2c3c6d52ab744a70ac080b3e3958, type: 3}
  m_Name: 
  m_EditorClassIdentifier: 
  svgPoints:
  - x: -0.021813077930675988
    y: -0.19654320299481814
  - x: -0.021813077930675988
    y: -0.19654320299481814
  - x: -0.09170514811097191
    y: -0.6215564287568924
  - x: -0.38282147556258656
    y: -0.7555287773982884
  - x: -0.5167183738730462
    y: -0.8020983311440597
  - x: -0.8311572177591854
    y: -0.7904748124884363
  - x: -0.7845876496172433
    y: -0.4644124643428445
  - x: -0.7322063365436602
    y: -0.3537626033436316
  - x: -0.5749869181996333
    y: -0.08015704379585792
  - x: -0.19065600413319822
    y: -0.02188848507310001
  - x: 272.73998641967773
    y: 423.4000053405762
  svgCommands: 0100000004000000040000000400000004000000040000000400000004000000040000000400000000000000
--- !u!114 &7987778376366141636
MonoBehaviour:
  m_ObjectHideFlags: 0
  m_CorrespondingSourceObject: {fileID: 0}
  m_PrefabInstance: {fileID: 0}
  m_PrefabAsset: {fileID: 0}
  m_GameObject: {fileID: 2318793390892070267}
  m_Enabled: 1
  m_EditorHideFlags: 0
  m_Script: {fileID: 11500000, guid: 00c5749d5872ba94ba91fb2b55ccaec5, type: 3}
  m_Name: 
  m_EditorClassIdentifier: 
  path: {fileID: 6371257854988368344}
  color: {r: 0.32549015, g: 0.8784314, b: 0.52053875, a: 1}
  brush: {fileID: 7563262745682892805}
  strokeMaterial: {fileID: 2100000, guid: 88b0fded718927640bbb51b41eec1dc7, type: 2}
--- !u!1 &3960616848386711808
GameObject:
  m_ObjectHideFlags: 0
  m_CorrespondingSourceObject: {fileID: 0}
  m_PrefabInstance: {fileID: 0}
  m_PrefabAsset: {fileID: 0}
  serializedVersion: 6
  m_Component:
  - component: {fileID: 2595023529579409698}
  - component: {fileID: 3579149505093130967}
  - component: {fileID: 4754230372268347707}
  m_Layer: 8
  m_Name: Path 1
  m_TagString: Untagged
  m_Icon: {fileID: 0}
  m_NavMeshLayer: 0
  m_StaticEditorFlags: 0
  m_IsActive: 1
--- !u!4 &2595023529579409698
Transform:
  m_ObjectHideFlags: 0
  m_CorrespondingSourceObject: {fileID: 0}
  m_PrefabInstance: {fileID: 0}
  m_PrefabAsset: {fileID: 0}
  m_GameObject: {fileID: 3960616848386711808}
  m_LocalRotation: {x: 0, y: 0, z: 0, w: 1}
  m_LocalPosition: {x: 0, y: -0.003, z: 0}
  m_LocalScale: {x: 1, y: 1, z: 1}
  m_Children: []
  m_Father: {fileID: 382025427273320548}
  m_RootOrder: 0
  m_LocalEulerAnglesHint: {x: 0, y: 0, z: 0}
--- !u!114 &3579149505093130967
MonoBehaviour:
  m_ObjectHideFlags: 0
  m_CorrespondingSourceObject: {fileID: 0}
  m_PrefabInstance: {fileID: 0}
  m_PrefabAsset: {fileID: 0}
  m_GameObject: {fileID: 3960616848386711808}
  m_Enabled: 1
  m_EditorHideFlags: 0
  m_Script: {fileID: 11500000, guid: c25f2c3c6d52ab744a70ac080b3e3958, type: 3}
  m_Name: 
  m_EditorClassIdentifier: 
  svgPoints:
  - x: 0.19941127953799132
    y: -0
  - x: 0.1955796477172357
    y: -0.038903210738714784
  - x: 0.18423199971703702
    y: -0.07631139290591303
  - x: 0.16580441928620787
    y: -0.11078697103965891
  - x: 0.14100506800639973
    y: -0.14100506800639973
  - x: 0.11078697103965891
    y: -0.16580441928620787
  - x: 0.07631139290591303
    y: -0.18423199971703702
  - x: 0.038903210738714784
    y: -0.1955796477172357
  - x: 0
    y: -0.19941127953799132
  - x: -0.038903210738714784
    y: -0.1955796477172357
  - x: -0.07631139290591303
    y: -0.18423199971703702
  - x: -0.11078697103965891
    y: -0.16580441928620787
  - x: -0.14100506800639973
    y: -0.14100506800639973
  - x: -0.16580441928620787
    y: -0.11078697103965891
  - x: -0.18423199971703702
    y: -0.07631139290591303
  - x: -0.1955796477172357
    y: -0.038903210738714784
  - x: -0.19941127953799132
    y: -0
  - x: -0.1955796477172357
    y: 0.038903210738714784
  - x: -0.18423199971703702
    y: 0.07631139290591303
  - x: -0.16580441928620787
    y: 0.11078697103965891
  - x: -0.14100506800639973
    y: 0.14100506800639973
  - x: -0.11078697103965891
    y: 0.16580441928620787
  - x: -0.07631139290591303
    y: 0.18423199971703658
  - x: -0.038903210738714784
    y: 0.1955796477172357
  - x: 0
    y: 0.19941127953799132
  - x: 0.038903210738714784
    y: 0.1955796477172357
  - x: 0.07631139290591303
    y: 0.18423199971703658
  - x: 0.11078697103965891
    y: 0.16580441928620787
  - x: 0.14100506800639973
    y: 0.14100506800639973
  - x: 0.16580441928620787
    y: 0.11078697103965891
  - x: 0.18423199971703658
    y: 0.07631139290591303
  - x: 0.1955796477172357
    y: 0.038903210738714784
  - x: 323.91234710825336
    y: 415.3457136923339
  - x: 323.91234710825336
    y: 415.3457136923339
  svgCommands: 01000000020000000200000002000000020000000200000002000000020000000200000002000000020000000200000002000000020000000200000002000000020000000200000002000000020000000200000002000000020000000200000002000000020000000200000002000000020000000200000002000000020000005f00000000000000
--- !u!114 &4754230372268347707
MonoBehaviour:
  m_ObjectHideFlags: 0
  m_CorrespondingSourceObject: {fileID: 0}
  m_PrefabInstance: {fileID: 0}
  m_PrefabAsset: {fileID: 0}
  m_GameObject: {fileID: 3960616848386711808}
  m_Enabled: 1
  m_EditorHideFlags: 0
  m_Script: {fileID: 11500000, guid: 00c5749d5872ba94ba91fb2b55ccaec5, type: 3}
  m_Name: 
  m_EditorClassIdentifier: 
  path: {fileID: 3579149505093130967}
  color: {r: 0.32549015, g: 0.8784314, b: 0.52053875, a: 1}
  brush: {fileID: 7563262745682892805}
  strokeMaterial: {fileID: 2100000, guid: 88b0fded718927640bbb51b41eec1dc7, type: 2}
--- !u!1 &8044365806801879278
GameObject:
  m_ObjectHideFlags: 0
  m_CorrespondingSourceObject: {fileID: 0}
  m_PrefabInstance: {fileID: 0}
  m_PrefabAsset: {fileID: 0}
  serializedVersion: 6
  m_Component:
  - component: {fileID: 6318607314783128792}
  - component: {fileID: 7900360628383316872}
  - component: {fileID: 4534376332049710480}
  m_Layer: 8
  m_Name: Path 3
  m_TagString: Untagged
  m_Icon: {fileID: 0}
  m_NavMeshLayer: 0
  m_StaticEditorFlags: 0
  m_IsActive: 1
--- !u!4 &6318607314783128792
Transform:
  m_ObjectHideFlags: 0
  m_CorrespondingSourceObject: {fileID: 0}
  m_PrefabInstance: {fileID: 0}
  m_PrefabAsset: {fileID: 0}
  m_GameObject: {fileID: 8044365806801879278}
  m_LocalRotation: {x: 0, y: 0, z: 0, w: 1}
  m_LocalPosition: {x: 0, y: -0.003, z: 0}
  m_LocalScale: {x: 1, y: 1, z: 1}
  m_Children: []
  m_Father: {fileID: 382025427273320548}
  m_RootOrder: 2
  m_LocalEulerAnglesHint: {x: 0, y: 0, z: 0}
--- !u!114 &7900360628383316872
MonoBehaviour:
  m_ObjectHideFlags: 0
  m_CorrespondingSourceObject: {fileID: 0}
  m_PrefabInstance: {fileID: 0}
  m_PrefabAsset: {fileID: 0}
  m_GameObject: {fileID: 8044365806801879278}
  m_Enabled: 1
  m_EditorHideFlags: 0
  m_Script: {fileID: 11500000, guid: c25f2c3c6d52ab744a70ac080b3e3958, type: 3}
  m_Name: 
  m_EditorClassIdentifier: 
  svgPoints:
  - x: -0.19654320299481814
    y: 0.021813077930675988
  - x: -0.19654320299481814
    y: 0.021813077930675988
  - x: -0.6215564287568924
    y: 0.09170514811097191
  - x: -0.7555287773982884
    y: 0.38282147556258656
  - x: -0.8020983311440597
    y: 0.5167183738730462
  - x: -0.7904748124884363
    y: 0.8311572177591854
  - x: -0.4644124643428445
    y: 0.7845876496172433
  - x: -0.3537626033436316
    y: 0.7322063365436602
  - x: -0.08015704379585792
    y: 0.5749869181996333
  - x: -0.02188848507310001
    y: 0.19065600413319822
  - x: 295.0999946594238
    y: 395.23998641967773
  svgCommands: 0100000004000000040000000400000004000000040000000400000004000000040000000400000000000000
--- !u!114 &4534376332049710480
MonoBehaviour:
  m_ObjectHideFlags: 0
  m_CorrespondingSourceObject: {fileID: 0}
  m_PrefabInstance: {fileID: 0}
  m_PrefabAsset: {fileID: 0}
  m_GameObject: {fileID: 8044365806801879278}
  m_Enabled: 1
  m_EditorHideFlags: 0
  m_Script: {fileID: 11500000, guid: 00c5749d5872ba94ba91fb2b55ccaec5, type: 3}
  m_Name: 
  m_EditorClassIdentifier: 
  path: {fileID: 7900360628383316872}
  color: {r: 0.32549015, g: 0.8784314, b: 0.52053875, a: 1}
  brush: {fileID: 7563262745682892805}
  strokeMaterial: {fileID: 2100000, guid: 88b0fded718927640bbb51b41eec1dc7, type: 2}
--- !u!1 &8512791527943054439
GameObject:
  m_ObjectHideFlags: 0
  m_CorrespondingSourceObject: {fileID: 0}
  m_PrefabInstance: {fileID: 0}
  m_PrefabAsset: {fileID: 0}
  serializedVersion: 6
  m_Component:
  - component: {fileID: 7445002723676171120}
  - component: {fileID: 4780370315627425352}
  - component: {fileID: 7068380611122474006}
  m_Layer: 8
  m_Name: Path 7
  m_TagString: Untagged
  m_Icon: {fileID: 0}
  m_NavMeshLayer: 0
  m_StaticEditorFlags: 0
  m_IsActive: 1
--- !u!4 &7445002723676171120
Transform:
  m_ObjectHideFlags: 0
  m_CorrespondingSourceObject: {fileID: 0}
  m_PrefabInstance: {fileID: 0}
  m_PrefabAsset: {fileID: 0}
  m_GameObject: {fileID: 8512791527943054439}
  m_LocalRotation: {x: 0, y: 0, z: 0, w: 1}
  m_LocalPosition: {x: 0, y: -0.003, z: 0}
  m_LocalScale: {x: 1, y: 1, z: 1}
  m_Children: []
  m_Father: {fileID: 382025427273320548}
  m_RootOrder: 6
  m_LocalEulerAnglesHint: {x: 0, y: 0, z: 0}
--- !u!114 &4780370315627425352
MonoBehaviour:
  m_ObjectHideFlags: 0
  m_CorrespondingSourceObject: {fileID: 0}
  m_PrefabInstance: {fileID: 0}
  m_PrefabAsset: {fileID: 0}
  m_GameObject: {fileID: 8512791527943054439}
  m_Enabled: 1
  m_EditorHideFlags: 0
  m_Script: {fileID: 11500000, guid: c25f2c3c6d52ab744a70ac080b3e3958, type: 3}
  m_Name: 
  m_EditorClassIdentifier: 
  svgPoints:
  - x: -0.6797494075831773
    y: -0.2809268761478427
  - x: -0.6797494075831773
    y: -0.2809268761478427
  - x: -1
    y: -0.25179260218502775
  - x: -0.9824892464923298
    y: 0.010189436907601173
  - x: -0.9708657278367064
    y: 0.10914030012791286
  - x: -0.9591667318573266
    y: 0.26054794474795734
  - x: -0.714619956351962
    y: 0.30130574996304504
  - x: 203.32000350952148
    y: 380.5800018310547
  svgCommands: 0100000004000000040000000400000004000000040000000400000000000000
--- !u!114 &7068380611122474006
MonoBehaviour:
  m_ObjectHideFlags: 0
  m_CorrespondingSourceObject: {fileID: 0}
  m_PrefabInstance: {fileID: 0}
  m_PrefabAsset: {fileID: 0}
  m_GameObject: {fileID: 8512791527943054439}
  m_Enabled: 1
  m_EditorHideFlags: 0
  m_Script: {fileID: 11500000, guid: 00c5749d5872ba94ba91fb2b55ccaec5, type: 3}
  m_Name: 
  m_EditorClassIdentifier: 
  path: {fileID: 4780370315627425352}
  color: {r: 0.990566, g: 0.6667413, b: 0.1728818, a: 1}
  brush: {fileID: 7563262745682892805}
  strokeMaterial: {fileID: 2100000, guid: 88b0fded718927640bbb51b41eec1dc7, type: 2}
--- !u!1 &8803443138961016106
GameObject:
  m_ObjectHideFlags: 0
  m_CorrespondingSourceObject: {fileID: 0}
  m_PrefabInstance: {fileID: 0}
  m_PrefabAsset: {fileID: 0}
  serializedVersion: 6
  m_Component:
  - component: {fileID: 4737453263679835738}
  - component: {fileID: 3708481978926061991}
  - component: {fileID: 2509412234769692529}
  m_Layer: 8
  m_Name: Path 9
  m_TagString: Untagged
  m_Icon: {fileID: 0}
  m_NavMeshLayer: 0
  m_StaticEditorFlags: 0
  m_IsActive: 1
--- !u!4 &4737453263679835738
Transform:
  m_ObjectHideFlags: 0
  m_CorrespondingSourceObject: {fileID: 0}
  m_PrefabInstance: {fileID: 0}
  m_PrefabAsset: {fileID: 0}
  m_GameObject: {fileID: 8803443138961016106}
  m_LocalRotation: {x: 0, y: 0, z: 0, w: 1}
  m_LocalPosition: {x: 0, y: -0.003, z: 0}
  m_LocalScale: {x: 1, y: 1, z: 1}
  m_Children: []
  m_Father: {fileID: 382025427273320548}
  m_RootOrder: 8
  m_LocalEulerAnglesHint: {x: 0, y: 0, z: 0}
--- !u!114 &3708481978926061991
MonoBehaviour:
  m_ObjectHideFlags: 0
  m_CorrespondingSourceObject: {fileID: 0}
  m_PrefabInstance: {fileID: 0}
  m_PrefabAsset: {fileID: 0}
  m_GameObject: {fileID: 8803443138961016106}
  m_Enabled: 1
  m_EditorHideFlags: 0
  m_Script: {fileID: 11500000, guid: c25f2c3c6d52ab744a70ac080b3e3958, type: 3}
  m_Name: 
  m_EditorClassIdentifier: 
  svgPoints:
  - x: 0.6797494075831773
    y: 0.2809268761478427
  - x: 0.6797494075831773
    y: 0.2809268761478427
  - x: 1
    y: 0.25179260218502775
  - x: 0.9824892464923298
    y: -0.010189436907601173
  - x: 0.9708657278367064
    y: -0.10914030012791286
  - x: 0.9591667318573266
    y: -0.26054794474795734
  - x: 0.714619956351962
    y: -0.30130574996304504
  - x: 392.6799964904785
    y: 460.4199981689453
  svgCommands: 0100000004000000040000000400000004000000040000000400000000000000
--- !u!114 &2509412234769692529
MonoBehaviour:
  m_ObjectHideFlags: 0
  m_CorrespondingSourceObject: {fileID: 0}
  m_PrefabInstance: {fileID: 0}
  m_PrefabAsset: {fileID: 0}
  m_GameObject: {fileID: 8803443138961016106}
  m_Enabled: 1
  m_EditorHideFlags: 0
  m_Script: {fileID: 11500000, guid: 00c5749d5872ba94ba91fb2b55ccaec5, type: 3}
  m_Name: 
  m_EditorClassIdentifier: 
  path: {fileID: 3708481978926061991}
  color: {r: 0.990566, g: 0.6667413, b: 0.1728818, a: 1}
  brush: {fileID: 7563262745682892805}
  strokeMaterial: {fileID: 2100000, guid: 88b0fded718927640bbb51b41eec1dc7, type: 2}
--- !u!1001 &5282036290037405661
PrefabInstance:
  m_ObjectHideFlags: 0
  serializedVersion: 2
  m_Modification:
    m_TransformParent: {fileID: 382025426924783636}
    m_Modifications:
    - target: {fileID: 314061963397149154, guid: bd24c7e843339734895afd20bb8cf448,
        type: 3}
      propertyPath: m_Name
      value: Box
      objectReference: {fileID: 0}
    - target: {fileID: 2393991492614349457, guid: bd24c7e843339734895afd20bb8cf448,
        type: 3}
      propertyPath: m_LocalPosition.x
      value: 0
      objectReference: {fileID: 0}
    - target: {fileID: 2393991492614349457, guid: bd24c7e843339734895afd20bb8cf448,
        type: 3}
      propertyPath: m_LocalPosition.y
      value: 0
      objectReference: {fileID: 0}
    - target: {fileID: 2393991492614349457, guid: bd24c7e843339734895afd20bb8cf448,
        type: 3}
      propertyPath: m_LocalPosition.z
      value: 0
      objectReference: {fileID: 0}
    - target: {fileID: 2393991492614349457, guid: bd24c7e843339734895afd20bb8cf448,
        type: 3}
      propertyPath: m_LocalRotation.x
      value: 0
      objectReference: {fileID: 0}
    - target: {fileID: 2393991492614349457, guid: bd24c7e843339734895afd20bb8cf448,
        type: 3}
      propertyPath: m_LocalRotation.y
      value: 0
      objectReference: {fileID: 0}
    - target: {fileID: 2393991492614349457, guid: bd24c7e843339734895afd20bb8cf448,
        type: 3}
      propertyPath: m_LocalRotation.z
      value: 0
      objectReference: {fileID: 0}
    - target: {fileID: 2393991492614349457, guid: bd24c7e843339734895afd20bb8cf448,
        type: 3}
      propertyPath: m_LocalRotation.w
      value: 1
      objectReference: {fileID: 0}
    - target: {fileID: 2393991492614349457, guid: bd24c7e843339734895afd20bb8cf448,
        type: 3}
      propertyPath: m_RootOrder
      value: 0
      objectReference: {fileID: 0}
    - target: {fileID: 2393991492614349457, guid: bd24c7e843339734895afd20bb8cf448,
        type: 3}
      propertyPath: m_LocalEulerAnglesHint.x
      value: 0
      objectReference: {fileID: 0}
    - target: {fileID: 2393991492614349457, guid: bd24c7e843339734895afd20bb8cf448,
        type: 3}
      propertyPath: m_LocalEulerAnglesHint.y
      value: 0
      objectReference: {fileID: 0}
    - target: {fileID: 2393991492614349457, guid: bd24c7e843339734895afd20bb8cf448,
        type: 3}
      propertyPath: m_LocalEulerAnglesHint.z
      value: 0
      objectReference: {fileID: 0}
    - target: {fileID: 5476564197295382083, guid: bd24c7e843339734895afd20bb8cf448,
        type: 3}
      propertyPath: m_Materials.Array.data[0]
      value: 
      objectReference: {fileID: 0}
    - target: {fileID: 5476564197295382085, guid: bd24c7e843339734895afd20bb8cf448,
        type: 3}
      propertyPath: m_Materials.Array.data[0]
      value: 
      objectReference: {fileID: 0}
    - target: {fileID: 5822076823612920707, guid: bd24c7e843339734895afd20bb8cf448,
        type: 3}
      propertyPath: m_Materials.Array.data[0]
      value: 
      objectReference: {fileID: 0}
    m_RemovedComponents: []
  m_SourcePrefab: {fileID: 100100000, guid: bd24c7e843339734895afd20bb8cf448, type: 3}
--- !u!4 &382025427273320548 stripped
Transform:
  m_CorrespondingSourceObject: {fileID: 5476564197702492089, guid: bd24c7e843339734895afd20bb8cf448,
    type: 3}
  m_PrefabInstance: {fileID: 5282036290037405661}
  m_PrefabAsset: {fileID: 0}
--- !u!114 &7563262745682892805 stripped
MonoBehaviour:
  m_CorrespondingSourceObject: {fileID: 2430689668417261528, guid: bd24c7e843339734895afd20bb8cf448,
    type: 3}
  m_PrefabInstance: {fileID: 5282036290037405661}
  m_PrefabAsset: {fileID: 0}
  m_GameObject: {fileID: 0}
  m_Enabled: 1
  m_EditorHideFlags: 0
  m_Script: {fileID: 11500000, guid: f6202143f93329f4596fcd4f38f4496e, type: 3}
  m_Name: 
  m_EditorClassIdentifier: 
--- !u!114 &382025427273320549 stripped
MonoBehaviour:
  m_CorrespondingSourceObject: {fileID: 5476564197702492088, guid: bd24c7e843339734895afd20bb8cf448,
    type: 3}
  m_PrefabInstance: {fileID: 5282036290037405661}
  m_PrefabAsset: {fileID: 0}
  m_GameObject: {fileID: 0}
  m_Enabled: 1
  m_EditorHideFlags: 0
  m_Script: {fileID: 11500000, guid: bbdcdcb3463bc974ea721be882390268, type: 3}
  m_Name: 
  m_EditorClassIdentifier: 
--- !u!4 &382025427396987774 stripped
Transform:
  m_CorrespondingSourceObject: {fileID: 5476564197293481123, guid: bd24c7e843339734895afd20bb8cf448,
    type: 3}
  m_PrefabInstance: {fileID: 5282036290037405661}
  m_PrefabAsset: {fileID: 0}
--- !u!4 &7526846009561003340 stripped
Transform:
  m_CorrespondingSourceObject: {fileID: 2393991492614349457, guid: bd24c7e843339734895afd20bb8cf448,
    type: 3}
  m_PrefabInstance: {fileID: 5282036290037405661}
  m_PrefabAsset: {fileID: 0}
