%YAML 1.1
%TAG !u! tag:unity3d.com,2011:
--- !u!1 &1341202605574904496
GameObject:
  m_ObjectHideFlags: 0
  m_CorrespondingSourceObject: {fileID: 0}
  m_PrefabInstance: {fileID: 0}
  m_PrefabAsset: {fileID: 0}
  serializedVersion: 6
  m_Component:
  - component: {fileID: 6955690194484411392}
  - component: {fileID: 794801451098536653}
  m_Layer: 8
  m_Name: new_strawberry
  m_TagString: Untagged
  m_Icon: {fileID: 0}
  m_NavMeshLayer: 0
  m_StaticEditorFlags: 0
  m_IsActive: 1
--- !u!4 &6955690194484411392
Transform:
  m_ObjectHideFlags: 0
  m_CorrespondingSourceObject: {fileID: 0}
  m_PrefabInstance: {fileID: 0}
  m_PrefabAsset: {fileID: 0}
  m_GameObject: {fileID: 1341202605574904496}
  m_LocalRotation: {x: 0, y: 0, z: 0, w: 1}
  m_LocalPosition: {x: 0, y: 0, z: 0}
  m_LocalScale: {x: 1, y: 1, z: 1}
  m_Children:
  - {fileID: 1850493024437247237}
  - {fileID: 7126605436495164076}
  - {fileID: 6355958422798181133}
  m_Father: {fileID: 0}
  m_RootOrder: 0
  m_LocalEulerAnglesHint: {x: 0, y: 0, z: 0}
--- !u!114 &794801451098536653
MonoBehaviour:
  m_ObjectHideFlags: 0
  m_CorrespondingSourceObject: {fileID: 0}
  m_PrefabInstance: {fileID: 0}
  m_PrefabAsset: {fileID: 0}
  m_GameObject: {fileID: 1341202605574904496}
  m_Enabled: 0
  m_EditorHideFlags: 0
  m_Script: {fileID: 11500000, guid: d931adf55ff26eb4dab04b81b53ef544, type: 3}
  m_Name: 
  m_EditorClassIdentifier: 
  surfaces:
  - {fileID: 1850493022598292238}
  size: 1
  cakeMesh: {fileID: 0}
  colliderMesh: {fileID: 0}
  cakeTextureScale: {x: 1, y: 1}
  cakeTextureOffset: {x: 0, y: 0}
  toppingTextureScale: {x: 1, y: 1}
  toppingTextureOffset: {x: 0, y: 0}
  cakeTexture: {fileID: 2800000, guid: f7d88349fdba44e49ad70db649fb3563, type: 3}
  cakeColor: {r: 1, g: 1, b: 1, a: 1}
  toppingTexture: {fileID: 2800000, guid: 5918e19f82e9cd6469c6ea8e44770c97, type: 3}
  toppingColor: {r: 0.8980392, g: 0.8980392, b: 0.8980392, a: 1}
  normalCakeTexture: {fileID: 0}
  normalCakeColor: {r: 1, g: 1, b: 1, a: 1}
  normalToppingTexture: {fileID: 0}
  normalToppingColor: {r: 1, g: 1, b: 1, a: 1}
  layerTransform: {fileID: 6355958422798181133}
--- !u!1 &1850493022598292464
GameObject:
  m_ObjectHideFlags: 0
  m_CorrespondingSourceObject: {fileID: 0}
  m_PrefabInstance: {fileID: 0}
  m_PrefabAsset: {fileID: 0}
  serializedVersion: 6
  m_Component:
  - component: {fileID: 1850493022598292239}
  - component: {fileID: 1850493022598292238}
  - component: {fileID: 4904057045281946000}
  m_Layer: 8
  m_Name: SurfaceTop
  m_TagString: Untagged
  m_Icon: {fileID: 0}
  m_NavMeshLayer: 0
  m_StaticEditorFlags: 0
  m_IsActive: 1
--- !u!4 &1850493022598292239
Transform:
  m_ObjectHideFlags: 0
  m_CorrespondingSourceObject: {fileID: 0}
  m_PrefabInstance: {fileID: 0}
  m_PrefabAsset: {fileID: 0}
  m_GameObject: {fileID: 1850493022598292464}
  m_LocalRotation: {x: 0.7071068, y: 0, z: 0, w: 0.7071068}
  m_LocalPosition: {x: 0, y: 1.5, z: 0}
  m_LocalScale: {x: 1, y: 1, z: 1}
  m_Children:
  - {fileID: 9069548178912400441}
  - {fileID: 8055654195532797397}
  - {fileID: 8016822702896019781}
  m_Father: {fileID: 1850493024437247237}
  m_RootOrder: 0
  m_LocalEulerAnglesHint: {x: 90, y: 0, z: 0}
--- !u!114 &1850493022598292238
MonoBehaviour:
  m_ObjectHideFlags: 0
  m_CorrespondingSourceObject: {fileID: 0}
  m_PrefabInstance: {fileID: 0}
  m_PrefabAsset: {fileID: 0}
  m_GameObject: {fileID: 1850493022598292464}
  m_Enabled: 1
  m_EditorHideFlags: 0
  m_Script: {fileID: 11500000, guid: bbdcdcb3463bc974ea721be882390268, type: 3}
  m_Name: 
  m_EditorClassIdentifier: 
  round: 0
  setting: {fileID: 9069548178912400441}
  cameraTransform: {fileID: 8055654195532797397}
  lightTransform: {fileID: 8016822702896019781}
--- !u!114 &4904057045281946000
MonoBehaviour:
  m_ObjectHideFlags: 0
  m_CorrespondingSourceObject: {fileID: 0}
  m_PrefabInstance: {fileID: 0}
  m_PrefabAsset: {fileID: 0}
  m_GameObject: {fileID: 1850493022598292464}
  m_Enabled: 1
  m_EditorHideFlags: 0
  m_Script: {fileID: 11500000, guid: fe02fc75feec6564bb36730513b00c4f, type: 3}
  m_Name: 
  m_EditorClassIdentifier: 
--- !u!1 &1850493024437247238
GameObject:
  m_ObjectHideFlags: 0
  m_CorrespondingSourceObject: {fileID: 0}
  m_PrefabInstance: {fileID: 0}
  m_PrefabAsset: {fileID: 0}
  serializedVersion: 6
  m_Component:
  - component: {fileID: 1850493024437247237}
  m_Layer: 8
  m_Name: Surfaces
  m_TagString: Untagged
  m_Icon: {fileID: 0}
  m_NavMeshLayer: 0
  m_StaticEditorFlags: 0
  m_IsActive: 1
--- !u!4 &1850493024437247237
Transform:
  m_ObjectHideFlags: 0
  m_CorrespondingSourceObject: {fileID: 0}
  m_PrefabInstance: {fileID: 0}
  m_PrefabAsset: {fileID: 0}
  m_GameObject: {fileID: 1850493024437247238}
  m_LocalRotation: {x: 0, y: 0, z: 0, w: 1}
  m_LocalPosition: {x: 0, y: 0, z: 0.8}
  m_LocalScale: {x: 1, y: 1, z: 1}
  m_Children:
  - {fileID: 1850493022598292239}
  m_Father: {fileID: 6955690194484411392}
  m_RootOrder: 0
  m_LocalEulerAnglesHint: {x: 0, y: 0, z: 0}
--- !u!1 &6138329904696708982
GameObject:
  m_ObjectHideFlags: 0
  m_CorrespondingSourceObject: {fileID: 0}
  m_PrefabInstance: {fileID: 0}
  m_PrefabAsset: {fileID: 0}
  serializedVersion: 6
  m_Component:
  - component: {fileID: 9069548178912400441}
  m_Layer: 8
  m_Name: Setting
  m_TagString: Untagged
  m_Icon: {fileID: 0}
  m_NavMeshLayer: 0
  m_StaticEditorFlags: 0
  m_IsActive: 1
--- !u!4 &9069548178912400441
Transform:
  m_ObjectHideFlags: 0
  m_CorrespondingSourceObject: {fileID: 0}
  m_PrefabInstance: {fileID: 0}
  m_PrefabAsset: {fileID: 0}
  m_GameObject: {fileID: 6138329904696708982}
  m_LocalRotation: {x: 0.27781588, y: 0.36497167, z: -0.1150751, w: 0.8811196}
  m_LocalPosition: {x: 0, y: -3.6, z: -5.6}
  m_LocalScale: {x: 1, y: 1, z: 1}
  m_Children: []
  m_Father: {fileID: 1850493022598292239}
  m_RootOrder: 0
  m_LocalEulerAnglesHint: {x: 35, y: 45, z: 0}
--- !u!1 &6560352955627731385
GameObject:
  m_ObjectHideFlags: 0
  m_CorrespondingSourceObject: {fileID: 0}
  m_PrefabInstance: {fileID: 0}
  m_PrefabAsset: {fileID: 0}
  serializedVersion: 6
  m_Component:
  - component: {fileID: 8055654195532797397}
  m_Layer: 0
  m_Name: cameraTransform
  m_TagString: Untagged
  m_Icon: {fileID: 0}
  m_NavMeshLayer: 0
  m_StaticEditorFlags: 0
  m_IsActive: 1
--- !u!4 &8055654195532797397
Transform:
  m_ObjectHideFlags: 0
  m_CorrespondingSourceObject: {fileID: 0}
  m_PrefabInstance: {fileID: 0}
  m_PrefabAsset: {fileID: 0}
  m_GameObject: {fileID: 6560352955627731385}
  m_LocalRotation: {x: -0.18671776, y: -0, z: -0, w: 0.98241365}
  m_LocalPosition: {x: 0, y: -3.6000009, z: -5.600001}
  m_LocalScale: {x: 1, y: 1, z: 1}
  m_Children: []
  m_Father: {fileID: 1850493022598292239}
  m_RootOrder: 1
  m_LocalEulerAnglesHint: {x: 0, y: 0, z: 0}
--- !u!1 &7306076997259151733
GameObject:
  m_ObjectHideFlags: 0
  m_CorrespondingSourceObject: {fileID: 0}
  m_PrefabInstance: {fileID: 0}
  m_PrefabAsset: {fileID: 0}
  serializedVersion: 6
  m_Component:
  - component: {fileID: 8016822702896019781}
  m_Layer: 0
  m_Name: lightTransform
  m_TagString: Untagged
  m_Icon: {fileID: 0}
  m_NavMeshLayer: 0
  m_StaticEditorFlags: 0
  m_IsActive: 1
--- !u!4 &8016822702896019781
Transform:
  m_ObjectHideFlags: 0
  m_CorrespondingSourceObject: {fileID: 0}
  m_PrefabInstance: {fileID: 0}
  m_PrefabAsset: {fileID: 0}
  m_GameObject: {fileID: 7306076997259151733}
  m_LocalRotation: {x: 0.2778159, y: 0.36497167, z: -0.11507509, w: 0.8811196}
  m_LocalPosition: {x: 0, y: -0.8000001, z: 0.5000002}
  m_LocalScale: {x: 1, y: 1, z: 1}
  m_Children: []
  m_Father: {fileID: 1850493022598292239}
  m_RootOrder: 2
  m_LocalEulerAnglesHint: {x: 0, y: 0, z: 0}
--- !u!1 &8659803705016649323
GameObject:
  m_ObjectHideFlags: 0
  m_CorrespondingSourceObject: {fileID: 0}
  m_PrefabInstance: {fileID: 0}
  m_PrefabAsset: {fileID: 0}
  serializedVersion: 6
  m_Component:
  - component: {fileID: 6355958422798181133}
  m_Layer: 0
  m_Name: LayerTransform
  m_TagString: Untagged
  m_Icon: {fileID: 0}
  m_NavMeshLayer: 0
  m_StaticEditorFlags: 0
  m_IsActive: 1
--- !u!4 &6355958422798181133
Transform:
  m_ObjectHideFlags: 0
  m_CorrespondingSourceObject: {fileID: 0}
  m_PrefabInstance: {fileID: 0}
  m_PrefabAsset: {fileID: 0}
  m_GameObject: {fileID: 8659803705016649323}
  m_LocalRotation: {x: 0, y: 0, z: 0, w: 1}
  m_LocalPosition: {x: 0, y: 0, z: 0}
  m_LocalScale: {x: 1, y: 1, z: 1}
  m_Children: []
  m_Father: {fileID: 6955690194484411392}
  m_RootOrder: 2
  m_LocalEulerAnglesHint: {x: 0, y: 0, z: 0}
--- !u!1001 &2676109266155007666
PrefabInstance:
  m_ObjectHideFlags: 0
  serializedVersion: 2
  m_Modification:
    m_TransformParent: {fileID: 6955690194484411392}
    m_Modifications:
    - target: {fileID: 1689477691401493238, guid: a2430441995b41d4b97acf3f7b40087d,
        type: 3}
      propertyPath: m_Name
      value: dau_tay
      objectReference: {fileID: 0}
    - target: {fileID: 5171745150525086750, guid: a2430441995b41d4b97acf3f7b40087d,
        type: 3}
      propertyPath: m_RootOrder
      value: 1
      objectReference: {fileID: 0}
    - target: {fileID: 5171745150525086750, guid: a2430441995b41d4b97acf3f7b40087d,
        type: 3}
      propertyPath: m_LocalScale.x
      value: 0.5
      objectReference: {fileID: 0}
    - target: {fileID: 5171745150525086750, guid: a2430441995b41d4b97acf3f7b40087d,
        type: 3}
      propertyPath: m_LocalScale.y
      value: 0.5
      objectReference: {fileID: 0}
    - target: {fileID: 5171745150525086750, guid: a2430441995b41d4b97acf3f7b40087d,
        type: 3}
      propertyPath: m_LocalScale.z
      value: 0.5
      objectReference: {fileID: 0}
    - target: {fileID: 5171745150525086750, guid: a2430441995b41d4b97acf3f7b40087d,
        type: 3}
      propertyPath: m_LocalPosition.x
      value: 0
      objectReference: {fileID: 0}
    - target: {fileID: 5171745150525086750, guid: a2430441995b41d4b97acf3f7b40087d,
        type: 3}
      propertyPath: m_LocalPosition.y
      value: 0
      objectReference: {fileID: 0}
    - target: {fileID: 5171745150525086750, guid: a2430441995b41d4b97acf3f7b40087d,
        type: 3}
      propertyPath: m_LocalPosition.z
      value: 0
      objectReference: {fileID: 0}
    - target: {fileID: 5171745150525086750, guid: a2430441995b41d4b97acf3f7b40087d,
        type: 3}
      propertyPath: m_LocalRotation.w
      value: 0.7071068
      objectReference: {fileID: 0}
    - target: {fileID: 5171745150525086750, guid: a2430441995b41d4b97acf3f7b40087d,
        type: 3}
      propertyPath: m_LocalRotation.x
      value: -0
      objectReference: {fileID: 0}
    - target: {fileID: 5171745150525086750, guid: a2430441995b41d4b97acf3f7b40087d,
        type: 3}
      propertyPath: m_LocalRotation.y
      value: 0.7071068
      objectReference: {fileID: 0}
    - target: {fileID: 5171745150525086750, guid: a2430441995b41d4b97acf3f7b40087d,
        type: 3}
      propertyPath: m_LocalRotation.z
      value: -0
      objectReference: {fileID: 0}
    - target: {fileID: 5171745150525086750, guid: a2430441995b41d4b97acf3f7b40087d,
        type: 3}
      propertyPath: m_LocalEulerAnglesHint.x
      value: 0
      objectReference: {fileID: 0}
    - target: {fileID: 5171745150525086750, guid: a2430441995b41d4b97acf3f7b40087d,
        type: 3}
      propertyPath: m_LocalEulerAnglesHint.y
      value: 0
      objectReference: {fileID: 0}
    - target: {fileID: 5171745150525086750, guid: a2430441995b41d4b97acf3f7b40087d,
        type: 3}
      propertyPath: m_LocalEulerAnglesHint.z
      value: 0
      objectReference: {fileID: 0}
    m_RemovedComponents: []
  m_SourcePrefab: {fileID: 100100000, guid: a2430441995b41d4b97acf3f7b40087d, type: 3}
--- !u!4 &7126605436495164076 stripped
Transform:
  m_CorrespondingSourceObject: {fileID: 5171745150525086750, guid: a2430441995b41d4b97acf3f7b40087d,
    type: 3}
  m_PrefabInstance: {fileID: 2676109266155007666}
  m_PrefabAsset: {fileID: 0}
