%YAML 1.1
%TAG !u! tag:unity3d.com,2011:
--- !u!1 &1196067069437892685
GameObject:
  m_ObjectHideFlags: 0
  m_CorrespondingSourceObject: {fileID: 0}
  m_PrefabInstance: {fileID: 0}
  m_PrefabAsset: {fileID: 0}
  serializedVersion: 6
  m_Component:
  - component: {fileID: 3497141911031687449}
  m_Layer: 0
  m_Name: cameraTransform
  m_TagString: Untagged
  m_Icon: {fileID: 0}
  m_NavMeshLayer: 0
  m_StaticEditorFlags: 0
  m_IsActive: 1
--- !u!4 &3497141911031687449
Transform:
  m_ObjectHideFlags: 0
  m_CorrespondingSourceObject: {fileID: 0}
  m_PrefabInstance: {fileID: 0}
  m_PrefabAsset: {fileID: 0}
  m_GameObject: {fileID: 1196067069437892685}
  m_LocalRotation: {x: 0.12614588, y: -0, z: -0, w: 0.9920117}
  m_LocalPosition: {x: 0, y: 1.5, z: -5.5}
  m_LocalScale: {x: 1, y: 1, z: 1}
  m_Children: []
  m_Father: {fileID: 1850493023616799394}
  m_RootOrder: 1
  m_LocalEulerAnglesHint: {x: 0, y: 0, z: 0}
--- !u!1 &1341202605574904496
GameObject:
  m_ObjectHideFlags: 0
  m_CorrespondingSourceObject: {fileID: 0}
  m_PrefabInstance: {fileID: 0}
  m_PrefabAsset: {fileID: 0}
  serializedVersion: 6
  m_Component:
  - component: {fileID: 6955690194484411392}
  - component: {fileID: 794801451098536653}
  m_Layer: 8
  m_Name: OctagonLSharp
  m_TagString: Untagged
  m_Icon: {fileID: 0}
  m_NavMeshLayer: 0
  m_StaticEditorFlags: 0
  m_IsActive: 1
--- !u!4 &6955690194484411392
Transform:
  m_ObjectHideFlags: 0
  m_CorrespondingSourceObject: {fileID: 0}
  m_PrefabInstance: {fileID: 0}
  m_PrefabAsset: {fileID: 0}
  m_GameObject: {fileID: 1341202605574904496}
  m_LocalRotation: {x: 0, y: 0, z: 0, w: 1}
  m_LocalPosition: {x: 0, y: 0, z: 0}
  m_LocalScale: {x: 1, y: 1, z: 1}
  m_Children:
  - {fileID: 1850493022598292239}
  - {fileID: 1850493023616799394}
  - {fileID: 7474581759321627849}
  m_Father: {fileID: 0}
  m_RootOrder: 0
  m_LocalEulerAnglesHint: {x: 0, y: 0, z: 0}
--- !u!114 &794801451098536653
MonoBehaviour:
  m_ObjectHideFlags: 0
  m_CorrespondingSourceObject: {fileID: 0}
  m_PrefabInstance: {fileID: 0}
  m_PrefabAsset: {fileID: 0}
  m_GameObject: {fileID: 1341202605574904496}
  m_Enabled: 0
  m_EditorHideFlags: 0
  m_Script: {fileID: 11500000, guid: d931adf55ff26eb4dab04b81b53ef544, type: 3}
  m_Name: 
  m_EditorClassIdentifier: 
  surfaces:
  - {fileID: 1850493022598292238}
  - {fileID: 1850493023616799393}
  size: 3
  cakeMesh: {fileID: 4300040, guid: 6680bfa1c063e81499cbff5e19a13af2, type: 3}
  colliderMesh: {fileID: 4300146, guid: 6680bfa1c063e81499cbff5e19a13af2, type: 3}
  edgeMesh: {fileID: 5755615775638768560, guid: 6680bfa1c063e81499cbff5e19a13af2,
    type: 3}
  mirrorGlazeMesh: {fileID: -8071521479425592453, guid: 6680bfa1c063e81499cbff5e19a13af2,
    type: 3}
  cakeTextureScale: {x: 6, y: 1}
  cakeTextureOffset: {x: 0, y: 0}
  toppingTextureScale: {x: 6, y: 1}
  toppingTextureOffset: {x: 0, y: 0}
  cakeTexture: {fileID: 2800000, guid: f7d88349fdba44e49ad70db649fb3563, type: 3}
  cakeColor: {r: 1, g: 1, b: 1, a: 1}
  toppingTexture: {fileID: 2800000, guid: 5918e19f82e9cd6469c6ea8e44770c97, type: 3}
  toppingColor: {r: 0.8980392, g: 0.8980392, b: 0.8980392, a: 1}
  normalCakeTexture: {fileID: 0}
  normalCakeColor: {r: 1, g: 1, b: 1, a: 1}
  normalToppingTexture: {fileID: 0}
  normalToppingColor: {r: 1, g: 1, b: 1, a: 1}
  layerTransform: {fileID: 7474581759321627849}
  diameter: 12
  initialAngle: 20
  sprinklePhysics: 0
  velocityMap: {fileID: 4900000, guid: f45f759ad8e688549a4743076636ae3f, type: 3}
--- !u!1 &1850493022598292464
GameObject:
  m_ObjectHideFlags: 0
  m_CorrespondingSourceObject: {fileID: 0}
  m_PrefabInstance: {fileID: 0}
  m_PrefabAsset: {fileID: 0}
  serializedVersion: 6
  m_Component:
  - component: {fileID: 1850493022598292239}
  - component: {fileID: 1850493022598292238}
  - component: {fileID: 950559399877769241}
  m_Layer: 8
  m_Name: SurfaceTop
  m_TagString: Untagged
  m_Icon: {fileID: 0}
  m_NavMeshLayer: 0
  m_StaticEditorFlags: 0
  m_IsActive: 1
--- !u!4 &1850493022598292239
Transform:
  m_ObjectHideFlags: 0
  m_CorrespondingSourceObject: {fileID: 0}
  m_PrefabInstance: {fileID: 0}
  m_PrefabAsset: {fileID: 0}
  m_GameObject: {fileID: 1850493022598292464}
  m_LocalRotation: {x: 0.7071068, y: -0, z: -0, w: 0.7071068}
  m_LocalPosition: {x: 0, y: 1, z: 0}
  m_LocalScale: {x: 1, y: 1, z: 1}
  m_Children:
  - {fileID: 9069548178912400441}
  - {fileID: 3372396551291567731}
  - {fileID: 7480134306532402153}
  m_Father: {fileID: 6955690194484411392}
  m_RootOrder: 0
  m_LocalEulerAnglesHint: {x: 90, y: 0, z: 0}
--- !u!114 &1850493022598292238
MonoBehaviour:
  m_ObjectHideFlags: 0
  m_CorrespondingSourceObject: {fileID: 0}
  m_PrefabInstance: {fileID: 0}
  m_PrefabAsset: {fileID: 0}
  m_GameObject: {fileID: 1850493022598292464}
  m_Enabled: 1
  m_EditorHideFlags: 0
  m_Script: {fileID: 11500000, guid: bbdcdcb3463bc974ea721be882390268, type: 3}
  m_Name: 
  m_EditorClassIdentifier: 
  round: 0
  setting: {fileID: 9069548178912400441}
  cameraTransform: {fileID: 3372396551291567731}
  lightTransform: {fileID: 7480134306532402153}
--- !u!114 &950559399877769241
MonoBehaviour:
  m_ObjectHideFlags: 0
  m_CorrespondingSourceObject: {fileID: 0}
  m_PrefabInstance: {fileID: 0}
  m_PrefabAsset: {fileID: 0}
  m_GameObject: {fileID: 1850493022598292464}
  m_Enabled: 1
  m_EditorHideFlags: 0
  m_Script: {fileID: 11500000, guid: ef0d6e6d6f32853459dc6a6dcaeeedb5, type: 3}
  m_Name: 
  m_EditorClassIdentifier: 
--- !u!1 &1850493023616799395
GameObject:
  m_ObjectHideFlags: 0
  m_CorrespondingSourceObject: {fileID: 0}
  m_PrefabInstance: {fileID: 0}
  m_PrefabAsset: {fileID: 0}
  serializedVersion: 6
  m_Component:
  - component: {fileID: 1850493023616799394}
  - component: {fileID: 1850493023616799393}
  - component: {fileID: 3695117268742537611}
  m_Layer: 8
  m_Name: SurfaceSide
  m_TagString: Untagged
  m_Icon: {fileID: 0}
  m_NavMeshLayer: 0
  m_StaticEditorFlags: 0
  m_IsActive: 1
--- !u!4 &1850493023616799394
Transform:
  m_ObjectHideFlags: 0
  m_CorrespondingSourceObject: {fileID: 0}
  m_PrefabInstance: {fileID: 0}
  m_PrefabAsset: {fileID: 0}
  m_GameObject: {fileID: 1850493023616799395}
  m_LocalRotation: {x: -0, y: -0, z: -0, w: 1}
  m_LocalPosition: {x: 0, y: 0.4, z: -1.85}
  m_LocalScale: {x: 1, y: 1, z: 1}
  m_Children:
  - {fileID: 8144979231771631693}
  - {fileID: 3497141911031687449}
  - {fileID: 795642526061278384}
  m_Father: {fileID: 6955690194484411392}
  m_RootOrder: 1
  m_LocalEulerAnglesHint: {x: 0, y: 0, z: 0}
--- !u!114 &1850493023616799393
MonoBehaviour:
  m_ObjectHideFlags: 0
  m_CorrespondingSourceObject: {fileID: 0}
  m_PrefabInstance: {fileID: 0}
  m_PrefabAsset: {fileID: 0}
  m_GameObject: {fileID: 1850493023616799395}
  m_Enabled: 1
  m_EditorHideFlags: 0
  m_Script: {fileID: 11500000, guid: bbdcdcb3463bc974ea721be882390268, type: 3}
  m_Name: 
  m_EditorClassIdentifier: 
  round: 0
  setting: {fileID: 8144979231771631693}
  cameraTransform: {fileID: 3497141911031687449}
  lightTransform: {fileID: 795642526061278384}
--- !u!114 &3695117268742537611
MonoBehaviour:
  m_ObjectHideFlags: 0
  m_CorrespondingSourceObject: {fileID: 0}
  m_PrefabInstance: {fileID: 0}
  m_PrefabAsset: {fileID: 0}
  m_GameObject: {fileID: 1850493023616799395}
  m_Enabled: 1
  m_EditorHideFlags: 0
  m_Script: {fileID: 11500000, guid: 32ce3922f0f93f54dae71c8c26085626, type: 3}
  m_Name: 
  m_EditorClassIdentifier: 
--- !u!1 &2958721593379931312
GameObject:
  m_ObjectHideFlags: 0
  m_CorrespondingSourceObject: {fileID: 0}
  m_PrefabInstance: {fileID: 0}
  m_PrefabAsset: {fileID: 0}
  serializedVersion: 6
  m_Component:
  - component: {fileID: 8144979231771631693}
  m_Layer: 8
  m_Name: Setting
  m_TagString: Untagged
  m_Icon: {fileID: 0}
  m_NavMeshLayer: 0
  m_StaticEditorFlags: 0
  m_IsActive: 1
--- !u!4 &8144979231771631693
Transform:
  m_ObjectHideFlags: 0
  m_CorrespondingSourceObject: {fileID: 0}
  m_PrefabInstance: {fileID: 0}
  m_PrefabAsset: {fileID: 0}
  m_GameObject: {fileID: 2958721593379931312}
  m_LocalRotation: {x: 0.1656112, y: 0.29613733, z: -0.052217, w: 0.9392279}
  m_LocalPosition: {x: 0, y: 1.5, z: -5.5}
  m_LocalScale: {x: 1, y: 1, z: 1}
  m_Children: []
  m_Father: {fileID: 1850493023616799394}
  m_RootOrder: 0
  m_LocalEulerAnglesHint: {x: 20, y: 35, z: 0}
--- !u!1 &3270649794457904678
GameObject:
  m_ObjectHideFlags: 0
  m_CorrespondingSourceObject: {fileID: 0}
  m_PrefabInstance: {fileID: 0}
  m_PrefabAsset: {fileID: 0}
  serializedVersion: 6
  m_Component:
  - component: {fileID: 7474581759321627849}
  m_Layer: 0
  m_Name: LayerTransform
  m_TagString: Untagged
  m_Icon: {fileID: 0}
  m_NavMeshLayer: 0
  m_StaticEditorFlags: 0
  m_IsActive: 1
--- !u!4 &7474581759321627849
Transform:
  m_ObjectHideFlags: 0
  m_CorrespondingSourceObject: {fileID: 0}
  m_PrefabInstance: {fileID: 0}
  m_PrefabAsset: {fileID: 0}
  m_GameObject: {fileID: 3270649794457904678}
  m_LocalRotation: {x: 0, y: 0, z: 0, w: 1}
  m_LocalPosition: {x: 0, y: 0, z: 0}
  m_LocalScale: {x: 1, y: 1, z: 1}
  m_Children: []
  m_Father: {fileID: 6955690194484411392}
  m_RootOrder: 2
  m_LocalEulerAnglesHint: {x: 0, y: 0, z: 0}
--- !u!1 &4803782476494335901
GameObject:
  m_ObjectHideFlags: 0
  m_CorrespondingSourceObject: {fileID: 0}
  m_PrefabInstance: {fileID: 0}
  m_PrefabAsset: {fileID: 0}
  serializedVersion: 6
  m_Component:
  - component: {fileID: 795642526061278384}
  m_Layer: 0
  m_Name: lightTransform
  m_TagString: Untagged
  m_Icon: {fileID: 0}
  m_NavMeshLayer: 0
  m_StaticEditorFlags: 0
  m_IsActive: 1
--- !u!4 &795642526061278384
Transform:
  m_ObjectHideFlags: 0
  m_CorrespondingSourceObject: {fileID: 0}
  m_PrefabInstance: {fileID: 0}
  m_PrefabAsset: {fileID: 0}
  m_GameObject: {fileID: 4803782476494335901}
  m_LocalRotation: {x: 0.1656112, y: 0.29613733, z: -0.052217, w: 0.9392279}
  m_LocalPosition: {x: 0, y: 0.6, z: 1.85}
  m_LocalScale: {x: 1, y: 1, z: 1}
  m_Children: []
  m_Father: {fileID: 1850493023616799394}
  m_RootOrder: 2
  m_LocalEulerAnglesHint: {x: 0, y: 0, z: 0}
--- !u!1 &5998445196935838014
GameObject:
  m_ObjectHideFlags: 0
  m_CorrespondingSourceObject: {fileID: 0}
  m_PrefabInstance: {fileID: 0}
  m_PrefabAsset: {fileID: 0}
  serializedVersion: 6
  m_Component:
  - component: {fileID: 7480134306532402153}
  m_Layer: 0
  m_Name: lightTransform
  m_TagString: Untagged
  m_Icon: {fileID: 0}
  m_NavMeshLayer: 0
  m_StaticEditorFlags: 0
  m_IsActive: 1
--- !u!4 &7480134306532402153
Transform:
  m_ObjectHideFlags: 0
  m_CorrespondingSourceObject: {fileID: 0}
  m_PrefabInstance: {fileID: 0}
  m_PrefabAsset: {fileID: 0}
  m_GameObject: {fileID: 5998445196935838014}
  m_LocalRotation: {x: 0.2778159, y: 0.36497167, z: -0.11507509, w: 0.8811196}
  m_LocalPosition: {x: 0, y: 0, z: 0}
  m_LocalScale: {x: 1, y: 1, z: 1}
  m_Children: []
  m_Father: {fileID: 1850493022598292239}
  m_RootOrder: 2
  m_LocalEulerAnglesHint: {x: 0, y: 0, z: 0}
--- !u!1 &6138329904696708982
GameObject:
  m_ObjectHideFlags: 0
  m_CorrespondingSourceObject: {fileID: 0}
  m_PrefabInstance: {fileID: 0}
  m_PrefabAsset: {fileID: 0}
  serializedVersion: 6
  m_Component:
  - component: {fileID: 9069548178912400441}
  m_Layer: 8
  m_Name: Setting
  m_TagString: Untagged
  m_Icon: {fileID: 0}
  m_NavMeshLayer: 0
  m_StaticEditorFlags: 0
  m_IsActive: 1
--- !u!4 &9069548178912400441
Transform:
  m_ObjectHideFlags: 0
  m_CorrespondingSourceObject: {fileID: 0}
  m_PrefabInstance: {fileID: 0}
  m_PrefabAsset: {fileID: 0}
  m_GameObject: {fileID: 6138329904696708982}
  m_LocalRotation: {x: 0.27781588, y: 0.36497167, z: -0.1150751, w: 0.8811196}
  m_LocalPosition: {x: 0, y: -3.6, z: -5.6}
  m_LocalScale: {x: 1, y: 1, z: 1}
  m_Children: []
  m_Father: {fileID: 1850493022598292239}
  m_RootOrder: 0
  m_LocalEulerAnglesHint: {x: 35, y: 45, z: 0}
--- !u!1 &9183889084319893191
GameObject:
  m_ObjectHideFlags: 0
  m_CorrespondingSourceObject: {fileID: 0}
  m_PrefabInstance: {fileID: 0}
  m_PrefabAsset: {fileID: 0}
  serializedVersion: 6
  m_Component:
  - component: {fileID: 3372396551291567731}
  m_Layer: 0
  m_Name: cameraTransform
  m_TagString: Untagged
  m_Icon: {fileID: 0}
  m_NavMeshLayer: 0
  m_StaticEditorFlags: 0
  m_IsActive: 1
--- !u!4 &3372396551291567731
Transform:
  m_ObjectHideFlags: 0
  m_CorrespondingSourceObject: {fileID: 0}
  m_PrefabInstance: {fileID: 0}
  m_PrefabAsset: {fileID: 0}
  m_GameObject: {fileID: 9183889084319893191}
  m_LocalRotation: {x: -0.24708742, y: -0, z: -0, w: 0.96899325}
  m_LocalPosition: {x: 0, y: -3.6000009, z: -5.600001}
  m_LocalScale: {x: 1, y: 1, z: 1}
  m_Children: []
  m_Father: {fileID: 1850493022598292239}
  m_RootOrder: 1
  m_LocalEulerAnglesHint: {x: 0, y: 0, z: 0}
