%YAML 1.1
%TAG !u! tag:unity3d.com,2011:
--- !u!1 &1122381893764850470
GameObject:
  m_ObjectHideFlags: 0
  m_CorrespondingSourceObject: {fileID: 0}
  m_PrefabInstance: {fileID: 0}
  m_PrefabAsset: {fileID: 0}
  serializedVersion: 6
  m_Component:
  - component: {fileID: 6679562797335172138}
  - component: {fileID: 6382548630182771882}
  m_Layer: 8
  m_Name: Option
  m_TagString: Untagged
  m_Icon: {fileID: 0}
  m_NavMeshLayer: 0
  m_StaticEditorFlags: 0
  m_IsActive: 1
--- !u!4 &6679562797335172138
Transform:
  m_ObjectHideFlags: 0
  m_CorrespondingSourceObject: {fileID: 0}
  m_PrefabInstance: {fileID: 0}
  m_PrefabAsset: {fileID: 0}
  m_GameObject: {fileID: 1122381893764850470}
  m_LocalRotation: {x: -0, y: -0, z: -0, w: 1}
  m_LocalPosition: {x: 0, y: 0, z: 0}
  m_LocalScale: {x: 1, y: 1, z: 1}
  m_Children: []
  m_Father: {fileID: 8838600146314225584}
  m_RootOrder: 3
  m_LocalEulerAnglesHint: {x: 0, y: 0, z: 0}
--- !u!114 &6382548630182771882
MonoBehaviour:
  m_ObjectHideFlags: 0
  m_CorrespondingSourceObject: {fileID: 0}
  m_PrefabInstance: {fileID: 0}
  m_PrefabAsset: {fileID: 0}
  m_GameObject: {fileID: 1122381893764850470}
  m_Enabled: 0
  m_EditorHideFlags: 0
  m_Script: {fileID: 11500000, guid: 552fb6fa4deaccb46ba7fa59819fc06a, type: 3}
  m_Name: 
  m_EditorClassIdentifier: 
  special: 0
  objects:
  - {fileID: 114986966024178736, guid: ab37bdefbae5a66439cc1215a71ecb11, type: 3}
  - {fileID: 2647852329520218456, guid: 8d4f907bba59f6e42b73731e08670013, type: 3}
  objectSizeX:
    serializedVersion: 2
    m_Curve:
    - serializedVersion: 3
      time: 0
      value: 0.05
      inSlope: 0
      outSlope: 0
      tangentMode: 0
      weightedMode: 3
      inWeight: 0
      outWeight: 0
    - serializedVersion: 3
      time: 1
      value: 0.06
      inSlope: 0
      outSlope: 0
      tangentMode: 0
      weightedMode: 3
      inWeight: 0
      outWeight: 0
    m_PreInfinity: 2
    m_PostInfinity: 2
    m_RotationOrder: 4
  objectSizeY:
    serializedVersion: 2
    m_Curve:
    - serializedVersion: 3
      time: 0
      value: 0.05
      inSlope: 0
      outSlope: 0
      tangentMode: 0
      weightedMode: 3
      inWeight: 0
      outWeight: 0
    - serializedVersion: 3
      time: 1
      value: 0.06
      inSlope: 0
      outSlope: 0
      tangentMode: 0
      weightedMode: 3
      inWeight: 0
      outWeight: 0
    m_PreInfinity: 2
    m_PostInfinity: 2
    m_RotationOrder: 4
  objectSizeZ:
    serializedVersion: 2
    m_Curve:
    - serializedVersion: 3
      time: 0
      value: 0.05
      inSlope: 0
      outSlope: 0
      tangentMode: 0
      weightedMode: 3
      inWeight: 0
      outWeight: 0
    - serializedVersion: 3
      time: 1
      value: 0.06
      inSlope: 0
      outSlope: 0
      tangentMode: 0
      weightedMode: 3
      inWeight: 0
      outWeight: 0
    m_PreInfinity: 2
    m_PostInfinity: 2
    m_RotationOrder: 4
  rotationX:
    serializedVersion: 2
    m_Curve:
    - serializedVersion: 3
      time: 0
      value: 0
      inSlope: 0
      outSlope: 0
      tangentMode: 0
      weightedMode: 3
      inWeight: 0
      outWeight: 0
    - serializedVersion: 3
      time: 1
      value: 0
      inSlope: 0
      outSlope: 0
      tangentMode: 0
      weightedMode: 3
      inWeight: 0
      outWeight: 0
    m_PreInfinity: 2
    m_PostInfinity: 2
    m_RotationOrder: 4
  rotationY:
    serializedVersion: 2
    m_Curve:
    - serializedVersion: 3
      time: 0
      value: 0
      inSlope: 0
      outSlope: 0
      tangentMode: 0
      weightedMode: 3
      inWeight: 0
      outWeight: 0
    - serializedVersion: 3
      time: 1
      value: 0
      inSlope: 0
      outSlope: 0
      tangentMode: 0
      weightedMode: 3
      inWeight: 0
      outWeight: 0
    m_PreInfinity: 2
    m_PostInfinity: 2
    m_RotationOrder: 4
  rotationZ:
    serializedVersion: 2
    m_Curve:
    - serializedVersion: 3
      time: 0
      value: 0
      inSlope: 0
      outSlope: 0
      tangentMode: 0
      weightedMode: 3
      inWeight: 0
      outWeight: 0
    - serializedVersion: 3
      time: 1
      value: 360
      inSlope: 0
      outSlope: 0
      tangentMode: 0
      weightedMode: 3
      inWeight: 0
      outWeight: 0
    m_PreInfinity: 2
    m_PostInfinity: 2
    m_RotationOrder: 4
  color:
    serializedVersion: 2
    key0: {r: 0.62513065, g: 0.07843137, b: 1, a: 1}
    key1: {r: 0.62513065, g: 0.07843137, b: 1, a: 1}
    key2: {r: 0.62513065, g: 0.07843137, b: 1, a: 0}
    key3: {r: 0.62513065, g: 0.07843137, b: 1, a: 0}
    key4: {r: 0.62513065, g: 0.07843137, b: 1, a: 0}
    key5: {r: 1, g: 0.8209606, b: 0.07843137, a: 0}
    key6: {r: 1, g: 0.8209606, b: 0.07843137, a: 0}
    key7: {r: 0, g: 0, b: 0, a: 0}
    ctime0: 0
    ctime1: 65535
    ctime2: 49151
    ctime3: 49151
    ctime4: 49151
    ctime5: 65342
    ctime6: 64571
    ctime7: 0
    atime0: 0
    atime1: 65535
    atime2: 0
    atime3: 0
    atime4: 0
    atime5: 0
    atime6: 0
    atime7: 0
    m_Mode: 0
    m_NumColorKeys: 2
    m_NumAlphaKeys: 2
  spacing: 0.1
  radius: 0.4
  count: 2
  sprinklePreviewType: 0
--- !u!1 &1794228676072514185
GameObject:
  m_ObjectHideFlags: 0
  m_CorrespondingSourceObject: {fileID: 0}
  m_PrefabInstance: {fileID: 0}
  m_PrefabAsset: {fileID: 0}
  serializedVersion: 6
  m_Component:
  - component: {fileID: 8080002069067318502}
  - component: {fileID: 8748253137430002570}
  m_Layer: 8
  m_Name: Option
  m_TagString: Untagged
  m_Icon: {fileID: 0}
  m_NavMeshLayer: 0
  m_StaticEditorFlags: 0
  m_IsActive: 1
--- !u!4 &8080002069067318502
Transform:
  m_ObjectHideFlags: 0
  m_CorrespondingSourceObject: {fileID: 0}
  m_PrefabInstance: {fileID: 0}
  m_PrefabAsset: {fileID: 0}
  m_GameObject: {fileID: 1794228676072514185}
  m_LocalRotation: {x: -0, y: -0, z: -0, w: 1}
  m_LocalPosition: {x: 0, y: 0, z: 0}
  m_LocalScale: {x: 1, y: 1, z: 1}
  m_Children: []
  m_Father: {fileID: 8838600146314225584}
  m_RootOrder: 2
  m_LocalEulerAnglesHint: {x: 0, y: 0, z: 0}
--- !u!114 &8748253137430002570
MonoBehaviour:
  m_ObjectHideFlags: 0
  m_CorrespondingSourceObject: {fileID: 0}
  m_PrefabInstance: {fileID: 0}
  m_PrefabAsset: {fileID: 0}
  m_GameObject: {fileID: 1794228676072514185}
  m_Enabled: 0
  m_EditorHideFlags: 0
  m_Script: {fileID: 11500000, guid: 552fb6fa4deaccb46ba7fa59819fc06a, type: 3}
  m_Name: 
  m_EditorClassIdentifier: 
  special: 0
  objects:
  - {fileID: 114986966024178736, guid: ab37bdefbae5a66439cc1215a71ecb11, type: 3}
  - {fileID: 2647852329520218456, guid: 8d4f907bba59f6e42b73731e08670013, type: 3}
  objectSizeX:
    serializedVersion: 2
    m_Curve:
    - serializedVersion: 3
      time: 0
      value: 0.05
      inSlope: 0
      outSlope: 0
      tangentMode: 0
      weightedMode: 3
      inWeight: 0
      outWeight: 0
    - serializedVersion: 3
      time: 1
      value: 0.06
      inSlope: 0
      outSlope: 0
      tangentMode: 0
      weightedMode: 3
      inWeight: 0
      outWeight: 0
    m_PreInfinity: 2
    m_PostInfinity: 2
    m_RotationOrder: 4
  objectSizeY:
    serializedVersion: 2
    m_Curve:
    - serializedVersion: 3
      time: 0
      value: 0.05
      inSlope: 0
      outSlope: 0
      tangentMode: 0
      weightedMode: 3
      inWeight: 0
      outWeight: 0
    - serializedVersion: 3
      time: 1
      value: 0.06
      inSlope: 0
      outSlope: 0
      tangentMode: 0
      weightedMode: 3
      inWeight: 0
      outWeight: 0
    m_PreInfinity: 2
    m_PostInfinity: 2
    m_RotationOrder: 4
  objectSizeZ:
    serializedVersion: 2
    m_Curve:
    - serializedVersion: 3
      time: 0
      value: 0.05
      inSlope: 0
      outSlope: 0
      tangentMode: 0
      weightedMode: 3
      inWeight: 0
      outWeight: 0
    - serializedVersion: 3
      time: 1
      value: 0.06
      inSlope: 0
      outSlope: 0
      tangentMode: 0
      weightedMode: 3
      inWeight: 0
      outWeight: 0
    m_PreInfinity: 2
    m_PostInfinity: 2
    m_RotationOrder: 4
  rotationX:
    serializedVersion: 2
    m_Curve:
    - serializedVersion: 3
      time: 0
      value: 0
      inSlope: 0
      outSlope: 0
      tangentMode: 0
      weightedMode: 3
      inWeight: 0
      outWeight: 0
    - serializedVersion: 3
      time: 1
      value: 0
      inSlope: 0
      outSlope: 0
      tangentMode: 0
      weightedMode: 3
      inWeight: 0
      outWeight: 0
    m_PreInfinity: 2
    m_PostInfinity: 2
    m_RotationOrder: 4
  rotationY:
    serializedVersion: 2
    m_Curve:
    - serializedVersion: 3
      time: 0
      value: 0
      inSlope: 0
      outSlope: 0
      tangentMode: 0
      weightedMode: 3
      inWeight: 0
      outWeight: 0
    - serializedVersion: 3
      time: 1
      value: 0
      inSlope: 0
      outSlope: 0
      tangentMode: 0
      weightedMode: 3
      inWeight: 0
      outWeight: 0
    m_PreInfinity: 2
    m_PostInfinity: 2
    m_RotationOrder: 4
  rotationZ:
    serializedVersion: 2
    m_Curve:
    - serializedVersion: 3
      time: 0
      value: 0
      inSlope: 0
      outSlope: 0
      tangentMode: 0
      weightedMode: 3
      inWeight: 0
      outWeight: 0
    - serializedVersion: 3
      time: 1
      value: 360
      inSlope: 0
      outSlope: 0
      tangentMode: 0
      weightedMode: 3
      inWeight: 0
      outWeight: 0
    m_PreInfinity: 2
    m_PostInfinity: 2
    m_RotationOrder: 4
  color:
    serializedVersion: 2
    key0: {r: 0.07843137, g: 0.4779123, b: 1, a: 1}
    key1: {r: 0.07843137, g: 0.4779123, b: 1, a: 1}
    key2: {r: 1, g: 0.8209606, b: 0.07843137, a: 0}
    key3: {r: 1, g: 0.8209606, b: 0.07843137, a: 0}
    key4: {r: 1, g: 0.8209606, b: 0.07843137, a: 0}
    key5: {r: 1, g: 0.8209606, b: 0.07843137, a: 0}
    key6: {r: 1, g: 0.8209606, b: 0.07843137, a: 0}
    key7: {r: 0, g: 0, b: 0, a: 0}
    ctime0: 0
    ctime1: 65535
    ctime2: 64571
    ctime3: 64571
    ctime4: 64571
    ctime5: 64571
    ctime6: 64571
    ctime7: 0
    atime0: 0
    atime1: 65535
    atime2: 0
    atime3: 0
    atime4: 0
    atime5: 0
    atime6: 0
    atime7: 0
    m_Mode: 0
    m_NumColorKeys: 2
    m_NumAlphaKeys: 2
  spacing: 0.1
  radius: 0.4
  count: 2
  sprinklePreviewType: 0
--- !u!1 &1809722642957412486
GameObject:
  m_ObjectHideFlags: 0
  m_CorrespondingSourceObject: {fileID: 0}
  m_PrefabInstance: {fileID: 0}
  m_PrefabAsset: {fileID: 0}
  serializedVersion: 6
  m_Component:
  - component: {fileID: 5272669895830664455}
  - component: {fileID: 5324451693874134172}
  m_Layer: 8
  m_Name: Sprinkles Manual
  m_TagString: Untagged
  m_Icon: {fileID: 0}
  m_NavMeshLayer: 0
  m_StaticEditorFlags: 0
  m_IsActive: 1
--- !u!4 &5272669895830664455
Transform:
  m_ObjectHideFlags: 0
  m_CorrespondingSourceObject: {fileID: 0}
  m_PrefabInstance: {fileID: 0}
  m_PrefabAsset: {fileID: 0}
  m_GameObject: {fileID: 1809722642957412486}
  m_LocalRotation: {x: 0, y: 0, z: 0, w: 1}
  m_LocalPosition: {x: 0, y: 0, z: 0.02}
  m_LocalScale: {x: 1, y: 1, z: 1}
  m_Children:
  - {fileID: 8838600146314225584}
  - {fileID: 8943167665557973870}
  m_Father: {fileID: 6252837734657705656}
  m_RootOrder: 13
  m_LocalEulerAnglesHint: {x: 0, y: 0, z: 0}
--- !u!114 &5324451693874134172
MonoBehaviour:
  m_ObjectHideFlags: 0
  m_CorrespondingSourceObject: {fileID: 0}
  m_PrefabInstance: {fileID: 0}
  m_PrefabAsset: {fileID: 0}
  m_GameObject: {fileID: 1809722642957412486}
  m_Enabled: 1
  m_EditorHideFlags: 0
  m_Script: {fileID: 11500000, guid: 2179359cc2a883a438dca2c78b5c9308, type: 3}
  m_Name: 
  m_EditorClassIdentifier: 
  paths:
  - path: {fileID: 7185187224641619172}
    sections:
    - weight: 1
      options: 00000000
    magnet: 0
  options:
  - {fileID: 5517782161234306071}
  physicsEnabled: 1
  bonus: 0
--- !u!1 &2621433569286847891
GameObject:
  m_ObjectHideFlags: 0
  m_CorrespondingSourceObject: {fileID: 0}
  m_PrefabInstance: {fileID: 0}
  m_PrefabAsset: {fileID: 0}
  serializedVersion: 6
  m_Component:
  - component: {fileID: 2280857150438800800}
  - component: {fileID: 1045514870247192469}
  - component: {fileID: 8289096326238657463}
  - component: {fileID: 5225866190274365490}
  m_Layer: 8
  m_Name: StrokeManual 10
  m_TagString: Untagged
  m_Icon: {fileID: 0}
  m_NavMeshLayer: 0
  m_StaticEditorFlags: 0
  m_IsActive: 1
--- !u!4 &2280857150438800800
Transform:
  m_ObjectHideFlags: 0
  m_CorrespondingSourceObject: {fileID: 0}
  m_PrefabInstance: {fileID: 0}
  m_PrefabAsset: {fileID: 0}
  m_GameObject: {fileID: 2621433569286847891}
  m_LocalRotation: {x: 0, y: 0, z: 0, w: 1}
  m_LocalPosition: {x: 0.034, y: -0.053, z: 0}
  m_LocalScale: {x: 1.0461502, y: 1.0461502, z: 1.0461502}
  m_Children: []
  m_Father: {fileID: 6252837734657705656}
  m_RootOrder: 10
  m_LocalEulerAnglesHint: {x: 0, y: 0, z: 0}
--- !u!114 &1045514870247192469
MonoBehaviour:
  m_ObjectHideFlags: 0
  m_CorrespondingSourceObject: {fileID: 0}
  m_PrefabInstance: {fileID: 0}
  m_PrefabAsset: {fileID: 0}
  m_GameObject: {fileID: 2621433569286847891}
  m_Enabled: 1
  m_EditorHideFlags: 0
  m_Script: {fileID: 11500000, guid: f6202143f93329f4596fcd4f38f4496e, type: 3}
  m_Name: 
  m_EditorClassIdentifier: 
  tip: {fileID: 4760252478746094373, guid: 0499a74804bbbed4083ca126c34374b8, type: 3}
  size:
    serializedVersion: 2
    m_Curve:
    - serializedVersion: 3
      time: 0
      value: 0.09959717
      inSlope: 0
      outSlope: 0
      tangentMode: 0
      weightedMode: 3
      inWeight: 0
      outWeight: 0
    - serializedVersion: 3
      time: 1
      value: 0.09959717
      inSlope: 0
      outSlope: 0
      tangentMode: 0
      weightedMode: 3
      inWeight: 0
      outWeight: 0
    m_PreInfinity: 2
    m_PostInfinity: 2
    m_RotationOrder: 4
  twist: 0
--- !u!114 &8289096326238657463
MonoBehaviour:
  m_ObjectHideFlags: 0
  m_CorrespondingSourceObject: {fileID: 0}
  m_PrefabInstance: {fileID: 0}
  m_PrefabAsset: {fileID: 0}
  m_GameObject: {fileID: 2621433569286847891}
  m_Enabled: 1
  m_EditorHideFlags: 0
  m_Script: {fileID: 11500000, guid: c25f2c3c6d52ab744a70ac080b3e3958, type: 3}
  m_Name: 
  m_EditorClassIdentifier: 
  svgPoints:
  - x: -0.3854147777519393
    y: -0.7402061144196861
  - x: -0.3854147777519393
    y: -0.7402061144196861
  - x: -0.3716204057661479
    y: -0.49356273910402865
  - x: -0.3716204057661479
    y: -0.4847343494525387
  - x: 256.6999969482422
    y: 517.9000129699707
  svgCommands: 0100000004000000040000000400000000000000
  reverse: 0
  offset: 0
--- !u!114 &5225866190274365490
MonoBehaviour:
  m_ObjectHideFlags: 0
  m_CorrespondingSourceObject: {fileID: 0}
  m_PrefabInstance: {fileID: 0}
  m_PrefabAsset: {fileID: 0}
  m_GameObject: {fileID: 2621433569286847891}
  m_Enabled: 1
  m_EditorHideFlags: 0
  m_Script: {fileID: 11500000, guid: 5120595cb07379d488e526d799bc1e6d, type: 3}
  m_Name: 
  m_EditorClassIdentifier: 
  path: {fileID: 8289096326238657463}
  sections:
  - weight: 1
    colors: 01000000
  options:
  - colors:
    - {r: 0.986, g: 0.28298193, b: 0.3266477, a: 1}
  - colors:
    - {r: 0, g: 0, b: 0, a: 1}
  - colors:
    - {r: 1, g: 0.33490568, b: 0.6483952, a: 1}
  brush: {fileID: 1045514870247192469}
  material: {fileID: 2100000, guid: 108036d14a7415f4b95df06c69a79ceb, type: 2}
--- !u!1 &2843988944565512936
GameObject:
  m_ObjectHideFlags: 0
  m_CorrespondingSourceObject: {fileID: 0}
  m_PrefabInstance: {fileID: 0}
  m_PrefabAsset: {fileID: 0}
  serializedVersion: 6
  m_Component:
  - component: {fileID: 670641951230757755}
  m_Layer: 0
  m_Name: previewCameraTransform
  m_TagString: Untagged
  m_Icon: {fileID: 0}
  m_NavMeshLayer: 0
  m_StaticEditorFlags: 0
  m_IsActive: 1
--- !u!4 &670641951230757755
Transform:
  m_ObjectHideFlags: 0
  m_CorrespondingSourceObject: {fileID: 0}
  m_PrefabInstance: {fileID: 0}
  m_PrefabAsset: {fileID: 0}
  m_GameObject: {fileID: 2843988944565512936}
  m_LocalRotation: {x: 0.5, y: 0, z: 0, w: 0.8660254}
  m_LocalPosition: {x: 0, y: 6.6, z: -3.6}
  m_LocalScale: {x: 1, y: 1, z: 1}
  m_Children: []
  m_Father: {fileID: 1088291698873450469}
  m_RootOrder: 2
  m_LocalEulerAnglesHint: {x: 0, y: 0, z: 0}
--- !u!1 &3289178090393211113
GameObject:
  m_ObjectHideFlags: 0
  m_CorrespondingSourceObject: {fileID: 0}
  m_PrefabInstance: {fileID: 0}
  m_PrefabAsset: {fileID: 0}
  serializedVersion: 6
  m_Component:
  - component: {fileID: 8336193809481951166}
  - component: {fileID: 1752595646183405299}
  - component: {fileID: 8132685813030812362}
  - component: {fileID: 1907622139984349273}
  m_Layer: 8
  m_Name: StrokeManual 4
  m_TagString: Untagged
  m_Icon: {fileID: 0}
  m_NavMeshLayer: 0
  m_StaticEditorFlags: 0
  m_IsActive: 1
--- !u!4 &8336193809481951166
Transform:
  m_ObjectHideFlags: 0
  m_CorrespondingSourceObject: {fileID: 0}
  m_PrefabInstance: {fileID: 0}
  m_PrefabAsset: {fileID: 0}
  m_GameObject: {fileID: 3289178090393211113}
  m_LocalRotation: {x: 0, y: 0, z: 0, w: 1}
  m_LocalPosition: {x: 0.034, y: -0.106, z: 0}
  m_LocalScale: {x: 1.0564904, y: 1.0564904, z: 1.0564904}
  m_Children: []
  m_Father: {fileID: 6252837734657705656}
  m_RootOrder: 4
  m_LocalEulerAnglesHint: {x: 0, y: 0, z: 0}
--- !u!114 &1752595646183405299
MonoBehaviour:
  m_ObjectHideFlags: 0
  m_CorrespondingSourceObject: {fileID: 0}
  m_PrefabInstance: {fileID: 0}
  m_PrefabAsset: {fileID: 0}
  m_GameObject: {fileID: 3289178090393211113}
  m_Enabled: 1
  m_EditorHideFlags: 0
  m_Script: {fileID: 11500000, guid: f6202143f93329f4596fcd4f38f4496e, type: 3}
  m_Name: 
  m_EditorClassIdentifier: 
  tip: {fileID: 4760252478746094373, guid: 0499a74804bbbed4083ca126c34374b8, type: 3}
  size:
    serializedVersion: 2
    m_Curve:
    - serializedVersion: 3
      time: 0
      value: 0.09959717
      inSlope: 0
      outSlope: 0
      tangentMode: 0
      weightedMode: 3
      inWeight: 0
      outWeight: 0
    - serializedVersion: 3
      time: 1
      value: 0.09959717
      inSlope: 0
      outSlope: 0
      tangentMode: 0
      weightedMode: 3
      inWeight: 0
      outWeight: 0
    m_PreInfinity: 2
    m_PostInfinity: 2
    m_RotationOrder: 4
  twist: 0
--- !u!114 &8132685813030812362
MonoBehaviour:
  m_ObjectHideFlags: 0
  m_CorrespondingSourceObject: {fileID: 0}
  m_PrefabInstance: {fileID: 0}
  m_PrefabAsset: {fileID: 0}
  m_GameObject: {fileID: 3289178090393211113}
  m_Enabled: 1
  m_EditorHideFlags: 0
  m_Script: {fileID: 11500000, guid: c25f2c3c6d52ab744a70ac080b3e3958, type: 3}
  m_Name: 
  m_EditorClassIdentifier: 
  svgPoints:
  - x: -0.653577318639224
    y: -0.7286186398856255
  - x: -0.653577318639224
    y: -0.7286186398856255
  - x: -0.10125067274755516
    y: -1.143553332379396
  - x: 0.6110906881792932
    y: -0.7192384666721806
  - x: 434.8000030517578
    y: 560.3999755382538
  svgCommands: 0100000004000000040000000400000000000000
  reverse: 0
  offset: 0
--- !u!114 &1907622139984349273
MonoBehaviour:
  m_ObjectHideFlags: 0
  m_CorrespondingSourceObject: {fileID: 0}
  m_PrefabInstance: {fileID: 0}
  m_PrefabAsset: {fileID: 0}
  m_GameObject: {fileID: 3289178090393211113}
  m_Enabled: 1
  m_EditorHideFlags: 0
  m_Script: {fileID: 11500000, guid: 5120595cb07379d488e526d799bc1e6d, type: 3}
  m_Name: 
  m_EditorClassIdentifier: 
  path: {fileID: 8132685813030812362}
  sections:
  - weight: 1
    colors: 02000000
  options:
  - colors:
    - {r: 0.986, g: 0.28298193, b: 0.3266477, a: 1}
  - colors:
    - {r: 0, g: 0, b: 0, a: 1}
  - colors:
    - {r: 1, g: 0.33490568, b: 0.6483952, a: 1}
  brush: {fileID: 1752595646183405299}
  material: {fileID: 2100000, guid: 108036d14a7415f4b95df06c69a79ceb, type: 2}
--- !u!1 &3674331116379344862
GameObject:
  m_ObjectHideFlags: 0
  m_CorrespondingSourceObject: {fileID: 0}
  m_PrefabInstance: {fileID: 0}
  m_PrefabAsset: {fileID: 0}
  serializedVersion: 6
  m_Component:
  - component: {fileID: 3537267495224524174}
  - component: {fileID: 5364664832928845463}
  - component: {fileID: 8714582032405102987}
  - component: {fileID: 383977006963276594}
  m_Layer: 8
  m_Name: StrokeManual 3
  m_TagString: Untagged
  m_Icon: {fileID: 0}
  m_NavMeshLayer: 0
  m_StaticEditorFlags: 0
  m_IsActive: 1
--- !u!4 &3537267495224524174
Transform:
  m_ObjectHideFlags: 0
  m_CorrespondingSourceObject: {fileID: 0}
  m_PrefabInstance: {fileID: 0}
  m_PrefabAsset: {fileID: 0}
  m_GameObject: {fileID: 3674331116379344862}
  m_LocalRotation: {x: 0, y: 0, z: 0, w: 1}
  m_LocalPosition: {x: 0.034, y: 0, z: 0}
  m_LocalScale: {x: 1.134791, y: 1.134791, z: 1.134791}
  m_Children: []
  m_Father: {fileID: 6252837734657705656}
  m_RootOrder: 3
  m_LocalEulerAnglesHint: {x: 0, y: 0, z: 0}
--- !u!114 &5364664832928845463
MonoBehaviour:
  m_ObjectHideFlags: 0
  m_CorrespondingSourceObject: {fileID: 0}
  m_PrefabInstance: {fileID: 0}
  m_PrefabAsset: {fileID: 0}
  m_GameObject: {fileID: 3674331116379344862}
  m_Enabled: 1
  m_EditorHideFlags: 0
  m_Script: {fileID: 11500000, guid: f6202143f93329f4596fcd4f38f4496e, type: 3}
  m_Name: 
  m_EditorClassIdentifier: 
  tip: {fileID: 4760252478746094373, guid: b72e6a18647e9bf4ea30f272a119c269, type: 3}
  size:
    serializedVersion: 2
    m_Curve:
    - serializedVersion: 3
      time: 0
      value: 0.07739563
      inSlope: 0
      outSlope: 0
      tangentMode: 0
      weightedMode: 3
      inWeight: 0
      outWeight: 0
    - serializedVersion: 3
      time: 1
      value: 0.07739563
      inSlope: 0
      outSlope: 0
      tangentMode: 0
      weightedMode: 3
      inWeight: 0
      outWeight: 0
    m_PreInfinity: 2
    m_PostInfinity: 2
    m_RotationOrder: 4
  twist: 1
--- !u!114 &8714582032405102987
MonoBehaviour:
  m_ObjectHideFlags: 0
  m_CorrespondingSourceObject: {fileID: 0}
  m_PrefabInstance: {fileID: 0}
  m_PrefabAsset: {fileID: 0}
  m_GameObject: {fileID: 3674331116379344862}
  m_Enabled: 1
  m_EditorHideFlags: 0
  m_Script: {fileID: 11500000, guid: c25f2c3c6d52ab744a70ac080b3e3958, type: 3}
  m_Name: 
  m_EditorClassIdentifier: 
  svgPoints:
  - x: 0.6601987029652093
    y: 0.48970022654413387
  - x: 0.6601987029652093
    y: 0.48970022654413387
  - x: 0.8698731571492377
    y: 0.22595183838551164
  - x: 0.8483539284319868
    y: -0.030071693041650895
  - x: 0.8483539284319868
    y: -0.030071693041650895
  - x: 1.002299117688564
    y: 0.07807618543180735
  - x: 0.9283612859495766
    y: 0.29768259376016787
  - x: 0.8720802229892983
    y: 0.44390281051830865
  - x: 0.7120655079541188
    y: 0.497425041178511
  - x: 0.6601987029652093
    y: 0.48970022654413387
  - x: 0
    y: 0
  - x: 0
    y: 0
  svgCommands: 010000000400000004000000040000000400000004000000040000000400000004000000040000004f00000000000000
  reverse: 0
  offset: 0
--- !u!114 &383977006963276594
MonoBehaviour:
  m_ObjectHideFlags: 0
  m_CorrespondingSourceObject: {fileID: 0}
  m_PrefabInstance: {fileID: 0}
  m_PrefabAsset: {fileID: 0}
  m_GameObject: {fileID: 3674331116379344862}
  m_Enabled: 1
  m_EditorHideFlags: 0
  m_Script: {fileID: 11500000, guid: 5120595cb07379d488e526d799bc1e6d, type: 3}
  m_Name: 
  m_EditorClassIdentifier: 
  path: {fileID: 8714582032405102987}
  sections:
  - weight: 1
    colors: 00000000
  options:
  - colors:
    - {r: 0.986, g: 0.28298193, b: 0.3266477, a: 1}
  - colors:
    - {r: 0, g: 0, b: 0, a: 1}
  - colors:
    - {r: 1, g: 0.33490568, b: 0.6483952, a: 1}
  brush: {fileID: 5364664832928845463}
  material: {fileID: 2100000, guid: 108036d14a7415f4b95df06c69a79ceb, type: 2}
--- !u!1 &4367548239024269771
GameObject:
  m_ObjectHideFlags: 0
  m_CorrespondingSourceObject: {fileID: 0}
  m_PrefabInstance: {fileID: 0}
  m_PrefabAsset: {fileID: 0}
  serializedVersion: 6
  m_Component:
  - component: {fileID: 215841420254856836}
  - component: {fileID: 9090696742151437830}
  - component: {fileID: 4312317410812228788}
  - component: {fileID: 6680017692381272509}
  m_Layer: 8
  m_Name: StrokeManual 6
  m_TagString: Untagged
  m_Icon: {fileID: 0}
  m_NavMeshLayer: 0
  m_StaticEditorFlags: 0
  m_IsActive: 1
--- !u!4 &215841420254856836
Transform:
  m_ObjectHideFlags: 0
  m_CorrespondingSourceObject: {fileID: 0}
  m_PrefabInstance: {fileID: 0}
  m_PrefabAsset: {fileID: 0}
  m_GameObject: {fileID: 4367548239024269771}
  m_LocalRotation: {x: 0, y: 0, z: 0, w: 1}
  m_LocalPosition: {x: 0.034, y: 0, z: 0}
  m_LocalScale: {x: 1.134791, y: 1.134791, z: 1.134791}
  m_Children: []
  m_Father: {fileID: 6252837734657705656}
  m_RootOrder: 6
  m_LocalEulerAnglesHint: {x: 0, y: 0, z: 0}
--- !u!114 &9090696742151437830
MonoBehaviour:
  m_ObjectHideFlags: 0
  m_CorrespondingSourceObject: {fileID: 0}
  m_PrefabInstance: {fileID: 0}
  m_PrefabAsset: {fileID: 0}
  m_GameObject: {fileID: 4367548239024269771}
  m_Enabled: 1
  m_EditorHideFlags: 0
  m_Script: {fileID: 11500000, guid: f6202143f93329f4596fcd4f38f4496e, type: 3}
  m_Name: 
  m_EditorClassIdentifier: 
  tip: {fileID: 4760252478746094373, guid: 0499a74804bbbed4083ca126c34374b8, type: 3}
  size:
    serializedVersion: 2
    m_Curve:
    - serializedVersion: 3
      time: 0
      value: 0.09959717
      inSlope: 0
      outSlope: 0
      tangentMode: 0
      weightedMode: 3
      inWeight: 0
      outWeight: 0
    - serializedVersion: 3
      time: 1
      value: 0.09959717
      inSlope: 0
      outSlope: 0
      tangentMode: 0
      weightedMode: 3
      inWeight: 0
      outWeight: 0
    m_PreInfinity: 2
    m_PostInfinity: 2
    m_RotationOrder: 4
  twist: 0
--- !u!114 &4312317410812228788
MonoBehaviour:
  m_ObjectHideFlags: 0
  m_CorrespondingSourceObject: {fileID: 0}
  m_PrefabInstance: {fileID: 0}
  m_PrefabAsset: {fileID: 0}
  m_GameObject: {fileID: 4367548239024269771}
  m_Enabled: 1
  m_EditorHideFlags: 0
  m_Script: {fileID: 11500000, guid: c25f2c3c6d52ab744a70ac080b3e3958, type: 3}
  m_Name: 
  m_EditorClassIdentifier: 
  svgPoints:
  - x: 0.4069338985954164
    y: 0.288854035720348
  - x: 0.4069338985954164
    y: 0.288854035720348
  - x: 0.47038800973005657
    y: 0.3180981053826527
  - x: 0.5448776184533298
    y: 0.288854035720348
  - x: 422.79998779296875
    y: 377.70001220703125
  svgCommands: 0100000004000000040000000400000000000000
  reverse: 0
  offset: 0
--- !u!114 &6680017692381272509
MonoBehaviour:
  m_ObjectHideFlags: 0
  m_CorrespondingSourceObject: {fileID: 0}
  m_PrefabInstance: {fileID: 0}
  m_PrefabAsset: {fileID: 0}
  m_GameObject: {fileID: 4367548239024269771}
  m_Enabled: 1
  m_EditorHideFlags: 0
  m_Script: {fileID: 11500000, guid: 5120595cb07379d488e526d799bc1e6d, type: 3}
  m_Name: 
  m_EditorClassIdentifier: 
  path: {fileID: 4312317410812228788}
  sections:
  - weight: 1
    colors: 01000000
  options:
  - colors:
    - {r: 0.986, g: 0.28298193, b: 0.3266477, a: 1}
  - colors:
    - {r: 0, g: 0, b: 0, a: 1}
  - colors:
    - {r: 1, g: 0.33490568, b: 0.6483952, a: 1}
  brush: {fileID: 9090696742151437830}
  material: {fileID: 2100000, guid: 108036d14a7415f4b95df06c69a79ceb, type: 2}
--- !u!1 &4836571151233578879
GameObject:
  m_ObjectHideFlags: 0
  m_CorrespondingSourceObject: {fileID: 0}
  m_PrefabInstance: {fileID: 0}
  m_PrefabAsset: {fileID: 0}
  serializedVersion: 6
  m_Component:
  - component: {fileID: 3636522919975261230}
  - component: {fileID: 2711275717362536124}
  - component: {fileID: 9019578395802811775}
  - component: {fileID: 3664045033182462556}
  m_Layer: 8
  m_Name: StrokeManual 8
  m_TagString: Untagged
  m_Icon: {fileID: 0}
  m_NavMeshLayer: 0
  m_StaticEditorFlags: 0
  m_IsActive: 1
--- !u!4 &3636522919975261230
Transform:
  m_ObjectHideFlags: 0
  m_CorrespondingSourceObject: {fileID: 0}
  m_PrefabInstance: {fileID: 0}
  m_PrefabAsset: {fileID: 0}
  m_GameObject: {fileID: 4836571151233578879}
  m_LocalRotation: {x: 0, y: 0, z: 0, w: 1}
  m_LocalPosition: {x: 0.069, y: 0.035, z: 0}
  m_LocalScale: {x: 1.023944, y: 1.134791, z: 1.134791}
  m_Children: []
  m_Father: {fileID: 6252837734657705656}
  m_RootOrder: 8
  m_LocalEulerAnglesHint: {x: 0, y: 0, z: 0}
--- !u!114 &2711275717362536124
MonoBehaviour:
  m_ObjectHideFlags: 0
  m_CorrespondingSourceObject: {fileID: 0}
  m_PrefabInstance: {fileID: 0}
  m_PrefabAsset: {fileID: 0}
  m_GameObject: {fileID: 4836571151233578879}
  m_Enabled: 1
  m_EditorHideFlags: 0
  m_Script: {fileID: 11500000, guid: f6202143f93329f4596fcd4f38f4496e, type: 3}
  m_Name: 
  m_EditorClassIdentifier: 
  tip: {fileID: 4760252478746094373, guid: 0499a74804bbbed4083ca126c34374b8, type: 3}
  size:
    serializedVersion: 2
    m_Curve:
    - serializedVersion: 3
      time: 0
      value: 0.09959717
      inSlope: 0
      outSlope: 0
      tangentMode: 0
      weightedMode: 3
      inWeight: 0
      outWeight: 0
    - serializedVersion: 3
      time: 1
      value: 0.09959717
      inSlope: 0
      outSlope: 0
      tangentMode: 0
      weightedMode: 3
      inWeight: 0
      outWeight: 0
    m_PreInfinity: 2
    m_PostInfinity: 2
    m_RotationOrder: 4
  twist: 0
--- !u!114 &9019578395802811775
MonoBehaviour:
  m_ObjectHideFlags: 0
  m_CorrespondingSourceObject: {fileID: 0}
  m_PrefabInstance: {fileID: 0}
  m_PrefabAsset: {fileID: 0}
  m_GameObject: {fileID: 4836571151233578879}
  m_Enabled: 1
  m_EditorHideFlags: 0
  m_Script: {fileID: 11500000, guid: c25f2c3c6d52ab744a70ac080b3e3958, type: 3}
  m_Name: 
  m_EditorClassIdentifier: 
  svgPoints:
  - x: 0.18456868953979194
    y: -0.30209672544028915
  - x: 0.18456868953979194
    y: -0.30209672544028915
  - x: 0.6270921260051452
    y: -0.14263378738939536
  - x: 0.6728894578368054
    y: -0.14263378738939536
  - x: 446
    y: 455.8999881744385
  svgCommands: 0100000004000000040000000400000000000000
  reverse: 0
  offset: 0
--- !u!114 &3664045033182462556
MonoBehaviour:
  m_ObjectHideFlags: 0
  m_CorrespondingSourceObject: {fileID: 0}
  m_PrefabInstance: {fileID: 0}
  m_PrefabAsset: {fileID: 0}
  m_GameObject: {fileID: 4836571151233578879}
  m_Enabled: 1
  m_EditorHideFlags: 0
  m_Script: {fileID: 11500000, guid: 5120595cb07379d488e526d799bc1e6d, type: 3}
  m_Name: 
  m_EditorClassIdentifier: 
  path: {fileID: 9019578395802811775}
  sections:
  - weight: 1
    colors: 01000000
  options:
  - colors:
    - {r: 0.986, g: 0.28298193, b: 0.3266477, a: 1}
  - colors:
    - {r: 0, g: 0, b: 0, a: 1}
  - colors:
    - {r: 1, g: 0.33490568, b: 0.6483952, a: 1}
  brush: {fileID: 2711275717362536124}
  material: {fileID: 2100000, guid: 108036d14a7415f4b95df06c69a79ceb, type: 2}
--- !u!1 &5349884368194258261
GameObject:
  m_ObjectHideFlags: 0
  m_CorrespondingSourceObject: {fileID: 0}
  m_PrefabInstance: {fileID: 0}
  m_PrefabAsset: {fileID: 0}
  serializedVersion: 6
  m_Component:
  - component: {fileID: 8887246295408630257}
  - component: {fileID: 108669486361341030}
  - component: {fileID: 2999848565419263528}
  - component: {fileID: 5338044821548965469}
  m_Layer: 8
  m_Name: StrokeManual 11
  m_TagString: Untagged
  m_Icon: {fileID: 0}
  m_NavMeshLayer: 0
  m_StaticEditorFlags: 0
  m_IsActive: 1
--- !u!4 &8887246295408630257
Transform:
  m_ObjectHideFlags: 0
  m_CorrespondingSourceObject: {fileID: 0}
  m_PrefabInstance: {fileID: 0}
  m_PrefabAsset: {fileID: 0}
  m_GameObject: {fileID: 5349884368194258261}
  m_LocalRotation: {x: 0, y: 0, z: 0, w: 1}
  m_LocalPosition: {x: 0.034, y: -0.053, z: 0}
  m_LocalScale: {x: 1.0461502, y: 1.0461502, z: 1.0461502}
  m_Children: []
  m_Father: {fileID: 6252837734657705656}
  m_RootOrder: 11
  m_LocalEulerAnglesHint: {x: 0, y: 0, z: 0}
--- !u!114 &108669486361341030
MonoBehaviour:
  m_ObjectHideFlags: 0
  m_CorrespondingSourceObject: {fileID: 0}
  m_PrefabInstance: {fileID: 0}
  m_PrefabAsset: {fileID: 0}
  m_GameObject: {fileID: 5349884368194258261}
  m_Enabled: 1
  m_EditorHideFlags: 0
  m_Script: {fileID: 11500000, guid: f6202143f93329f4596fcd4f38f4496e, type: 3}
  m_Name: 
  m_EditorClassIdentifier: 
  tip: {fileID: 4760252478746094373, guid: 0499a74804bbbed4083ca126c34374b8, type: 3}
  size:
    serializedVersion: 2
    m_Curve:
    - serializedVersion: 3
      time: 0
      value: 0.09959717
      inSlope: 0
      outSlope: 0
      tangentMode: 0
      weightedMode: 3
      inWeight: 0
      outWeight: 0
    - serializedVersion: 3
      time: 1
      value: 0.09959717
      inSlope: 0
      outSlope: 0
      tangentMode: 0
      weightedMode: 3
      inWeight: 0
      outWeight: 0
    m_PreInfinity: 2
    m_PostInfinity: 2
    m_RotationOrder: 4
  twist: 0
--- !u!114 &2999848565419263528
MonoBehaviour:
  m_ObjectHideFlags: 0
  m_CorrespondingSourceObject: {fileID: 0}
  m_PrefabInstance: {fileID: 0}
  m_PrefabAsset: {fileID: 0}
  m_GameObject: {fileID: 5349884368194258261}
  m_Enabled: 1
  m_EditorHideFlags: 0
  m_Script: {fileID: 11500000, guid: c25f2c3c6d52ab744a70ac080b3e3958, type: 3}
  m_Name: 
  m_EditorClassIdentifier: 
  svgPoints:
  - x: -0.02510576464423644
    y: -0.7584146180855986
  - x: -0.02510576464423644
    y: -0.7584146180855986
  - x: -0.019036240838934865
    y: -0.5117712427699412
  - x: -0.019588015849919902
    y: -0.5023910656098949
  - x: 320.5
    y: 521.0999984741211
  svgCommands: 0100000004000000040000000400000000000000
  reverse: 0
  offset: 0
--- !u!114 &5338044821548965469
MonoBehaviour:
  m_ObjectHideFlags: 0
  m_CorrespondingSourceObject: {fileID: 0}
  m_PrefabInstance: {fileID: 0}
  m_PrefabAsset: {fileID: 0}
  m_GameObject: {fileID: 5349884368194258261}
  m_Enabled: 1
  m_EditorHideFlags: 0
  m_Script: {fileID: 11500000, guid: 5120595cb07379d488e526d799bc1e6d, type: 3}
  m_Name: 
  m_EditorClassIdentifier: 
  path: {fileID: 2999848565419263528}
  sections:
  - weight: 1
    colors: 01000000
  options:
  - colors:
    - {r: 0.986, g: 0.28298193, b: 0.3266477, a: 1}
  - colors:
    - {r: 0, g: 0, b: 0, a: 1}
  - colors:
    - {r: 1, g: 0.33490568, b: 0.6483952, a: 1}
  brush: {fileID: 108669486361341030}
  material: {fileID: 2100000, guid: 108036d14a7415f4b95df06c69a79ceb, type: 2}
--- !u!1 &6114068013379886897
GameObject:
  m_ObjectHideFlags: 0
  m_CorrespondingSourceObject: {fileID: 0}
  m_PrefabInstance: {fileID: 0}
  m_PrefabAsset: {fileID: 0}
  serializedVersion: 6
  m_Component:
  - component: {fileID: 5544193249544789983}
  - component: {fileID: 459559211038840762}
  - component: {fileID: 4721875926189180910}
  - component: {fileID: 5903315986762260267}
  m_Layer: 8
  m_Name: StrokeManual 2
  m_TagString: Untagged
  m_Icon: {fileID: 0}
  m_NavMeshLayer: 0
  m_StaticEditorFlags: 0
  m_IsActive: 1
--- !u!4 &5544193249544789983
Transform:
  m_ObjectHideFlags: 0
  m_CorrespondingSourceObject: {fileID: 0}
  m_PrefabInstance: {fileID: 0}
  m_PrefabAsset: {fileID: 0}
  m_GameObject: {fileID: 6114068013379886897}
  m_LocalRotation: {x: 0, y: 0, z: 0, w: 1}
  m_LocalPosition: {x: 0.034, y: 0, z: 0}
  m_LocalScale: {x: 1.134791, y: 1.134791, z: 1.134791}
  m_Children: []
  m_Father: {fileID: 6252837734657705656}
  m_RootOrder: 2
  m_LocalEulerAnglesHint: {x: 0, y: 0, z: 0}
--- !u!114 &459559211038840762
MonoBehaviour:
  m_ObjectHideFlags: 0
  m_CorrespondingSourceObject: {fileID: 0}
  m_PrefabInstance: {fileID: 0}
  m_PrefabAsset: {fileID: 0}
  m_GameObject: {fileID: 6114068013379886897}
  m_Enabled: 1
  m_EditorHideFlags: 0
  m_Script: {fileID: 11500000, guid: f6202143f93329f4596fcd4f38f4496e, type: 3}
  m_Name: 
  m_EditorClassIdentifier: 
  tip: {fileID: 4760252478746094373, guid: b72e6a18647e9bf4ea30f272a119c269, type: 3}
  size:
    serializedVersion: 2
    m_Curve:
    - serializedVersion: 3
      time: 0
      value: 0.0748169
      inSlope: 0
      outSlope: 0
      tangentMode: 0
      weightedMode: 3
      inWeight: 0
      outWeight: 0
    - serializedVersion: 3
      time: 1
      value: 0.0748169
      inSlope: 0
      outSlope: 0
      tangentMode: 0
      weightedMode: 3
      inWeight: 0
      outWeight: 0
    m_PreInfinity: 2
    m_PostInfinity: 2
    m_RotationOrder: 4
  twist: 1
--- !u!114 &4721875926189180910
MonoBehaviour:
  m_ObjectHideFlags: 0
  m_CorrespondingSourceObject: {fileID: 0}
  m_PrefabInstance: {fileID: 0}
  m_PrefabAsset: {fileID: 0}
  m_GameObject: {fileID: 6114068013379886897}
  m_Enabled: 1
  m_EditorHideFlags: 0
  m_Script: {fileID: 11500000, guid: c25f2c3c6d52ab744a70ac080b3e3958, type: 3}
  m_Name: 
  m_EditorClassIdentifier: 
  svgPoints:
  - x: -0.7429649164624839
    y: 0.4919072923841945
  - x: -0.7429649164624839
    y: 0.4919072923841945
  - x: -0.9526393706465122
    y: 0.22815890422557228
  - x: -0.9311201419292612
    y: -0.02786462720159026
  - x: -0.9311201419292612
    y: -0.02786462720159026
  - x: -1.0850653311858385
    y: 0.08028325127186797
  - x: -1.0111274994468509
    y: 0.2998896596002285
  - x: -0.9548464364865729
    y: 0.44555823618960155
  - x: -0.7948317214513932
    y: 0.49963210701857164
  - x: -0.7429649164624839
    y: 0.4919072923841945
  - x: 0
    y: 0
  - x: 0
    y: 0
  svgCommands: 010000000400000004000000040000000400000004000000040000000400000004000000040000004f00000000000000
  reverse: 0
  offset: 0
--- !u!114 &5903315986762260267
MonoBehaviour:
  m_ObjectHideFlags: 0
  m_CorrespondingSourceObject: {fileID: 0}
  m_PrefabInstance: {fileID: 0}
  m_PrefabAsset: {fileID: 0}
  m_GameObject: {fileID: 6114068013379886897}
  m_Enabled: 1
  m_EditorHideFlags: 0
  m_Script: {fileID: 11500000, guid: 5120595cb07379d488e526d799bc1e6d, type: 3}
  m_Name: 
  m_EditorClassIdentifier: 
  path: {fileID: 4721875926189180910}
  sections:
  - weight: 1
    colors: 00000000
  options:
  - colors:
    - {r: 0.986, g: 0.28298193, b: 0.3266477, a: 1}
  - colors:
    - {r: 0, g: 0, b: 0, a: 1}
  - colors:
    - {r: 1, g: 0.33490568, b: 0.6483952, a: 1}
  brush: {fileID: 459559211038840762}
  material: {fileID: 2100000, guid: 108036d14a7415f4b95df06c69a79ceb, type: 2}
--- !u!1 &6131293706503326783
GameObject:
  m_ObjectHideFlags: 0
  m_CorrespondingSourceObject: {fileID: 0}
  m_PrefabInstance: {fileID: 0}
  m_PrefabAsset: {fileID: 0}
  serializedVersion: 6
  m_Component:
  - component: {fileID: 2318186444421460232}
  - component: {fileID: 7160337123206038747}
  - component: {fileID: 3681501262497620039}
  - component: {fileID: 1677665059163035019}
  m_Layer: 8
  m_Name: StrokeManual 5
  m_TagString: Untagged
  m_Icon: {fileID: 0}
  m_NavMeshLayer: 0
  m_StaticEditorFlags: 0
  m_IsActive: 1
--- !u!4 &2318186444421460232
Transform:
  m_ObjectHideFlags: 0
  m_CorrespondingSourceObject: {fileID: 0}
  m_PrefabInstance: {fileID: 0}
  m_PrefabAsset: {fileID: 0}
  m_GameObject: {fileID: 6131293706503326783}
  m_LocalRotation: {x: 0, y: 0, z: 0, w: 1}
  m_LocalPosition: {x: 0.034, y: 0, z: 0}
  m_LocalScale: {x: 1.134791, y: 1.134791, z: 1.134791}
  m_Children: []
  m_Father: {fileID: 6252837734657705656}
  m_RootOrder: 5
  m_LocalEulerAnglesHint: {x: 0, y: 0, z: 0}
--- !u!114 &7160337123206038747
MonoBehaviour:
  m_ObjectHideFlags: 0
  m_CorrespondingSourceObject: {fileID: 0}
  m_PrefabInstance: {fileID: 0}
  m_PrefabAsset: {fileID: 0}
  m_GameObject: {fileID: 6131293706503326783}
  m_Enabled: 1
  m_EditorHideFlags: 0
  m_Script: {fileID: 11500000, guid: f6202143f93329f4596fcd4f38f4496e, type: 3}
  m_Name: 
  m_EditorClassIdentifier: 
  tip: {fileID: 4760252478746094373, guid: 0499a74804bbbed4083ca126c34374b8, type: 3}
  size:
    serializedVersion: 2
    m_Curve:
    - serializedVersion: 3
      time: 0
      value: 0.09959717
      inSlope: 0
      outSlope: 0
      tangentMode: 0
      weightedMode: 3
      inWeight: 0
      outWeight: 0
    - serializedVersion: 3
      time: 1
      value: 0.09959717
      inSlope: 0
      outSlope: 0
      tangentMode: 0
      weightedMode: 3
      inWeight: 0
      outWeight: 0
    m_PreInfinity: 2
    m_PostInfinity: 2
    m_RotationOrder: 4
  twist: 0
--- !u!114 &3681501262497620039
MonoBehaviour:
  m_ObjectHideFlags: 0
  m_CorrespondingSourceObject: {fileID: 0}
  m_PrefabInstance: {fileID: 0}
  m_PrefabAsset: {fileID: 0}
  m_GameObject: {fileID: 6131293706503326783}
  m_Enabled: 1
  m_EditorHideFlags: 0
  m_Script: {fileID: 11500000, guid: c25f2c3c6d52ab744a70ac080b3e3958, type: 3}
  m_Name: 
  m_EditorClassIdentifier: 
  svgPoints:
  - x: -0.47204341698387586
    y: 0.28168102964306846
  - x: -0.47204341698387586
    y: 0.28168102964306846
  - x: -0.5542578719143382
    y: 0.29988960040120627
  - x: -0.6502666988305917
    y: 0.2723008564296236
  - x: 206.20000076293945
    y: 380.7000000476837
  svgCommands: 0100000004000000040000000400000000000000
  reverse: 0
  offset: 0
--- !u!114 &1677665059163035019
MonoBehaviour:
  m_ObjectHideFlags: 0
  m_CorrespondingSourceObject: {fileID: 0}
  m_PrefabInstance: {fileID: 0}
  m_PrefabAsset: {fileID: 0}
  m_GameObject: {fileID: 6131293706503326783}
  m_Enabled: 1
  m_EditorHideFlags: 0
  m_Script: {fileID: 11500000, guid: 5120595cb07379d488e526d799bc1e6d, type: 3}
  m_Name: 
  m_EditorClassIdentifier: 
  path: {fileID: 3681501262497620039}
  sections:
  - weight: 1
    colors: 01000000
  options:
  - colors:
    - {r: 0.986, g: 0.28298193, b: 0.3266477, a: 1}
  - colors:
    - {r: 0, g: 0, b: 0, a: 1}
  - colors:
    - {r: 1, g: 0.33490568, b: 0.6483952, a: 1}
  brush: {fileID: 7160337123206038747}
  material: {fileID: 2100000, guid: 108036d14a7415f4b95df06c69a79ceb, type: 2}
--- !u!1 &6151202848981293070
GameObject:
  m_ObjectHideFlags: 0
  m_CorrespondingSourceObject: {fileID: 0}
  m_PrefabInstance: {fileID: 0}
  m_PrefabAsset: {fileID: 0}
  serializedVersion: 6
  m_Component:
  - component: {fileID: 495917166607420404}
  m_Layer: 0
  m_Name: finishCameraTransform
  m_TagString: Untagged
  m_Icon: {fileID: 0}
  m_NavMeshLayer: 0
  m_StaticEditorFlags: 0
  m_IsActive: 1
--- !u!4 &495917166607420404
Transform:
  m_ObjectHideFlags: 0
  m_CorrespondingSourceObject: {fileID: 0}
  m_PrefabInstance: {fileID: 0}
  m_PrefabAsset: {fileID: 0}
  m_GameObject: {fileID: 6151202848981293070}
  m_LocalRotation: {x: 0.5, y: 0, z: 0, w: 0.8660254}
  m_LocalPosition: {x: 0, y: 6.6, z: -3.6}
  m_LocalScale: {x: 1, y: 1, z: 1}
  m_Children: []
  m_Father: {fileID: 1088291698873450469}
  m_RootOrder: 1
  m_LocalEulerAnglesHint: {x: 0, y: 0, z: 0}
--- !u!1 &6511592414102201229
GameObject:
  m_ObjectHideFlags: 0
  m_CorrespondingSourceObject: {fileID: 0}
  m_PrefabInstance: {fileID: 0}
  m_PrefabAsset: {fileID: 0}
  serializedVersion: 6
  m_Component:
  - component: {fileID: 1950990025458203159}
  - component: {fileID: 8266577168113532311}
  m_Layer: 8
  m_Name: Option
  m_TagString: Untagged
  m_Icon: {fileID: 0}
  m_NavMeshLayer: 0
  m_StaticEditorFlags: 0
  m_IsActive: 1
--- !u!4 &1950990025458203159
Transform:
  m_ObjectHideFlags: 0
  m_CorrespondingSourceObject: {fileID: 0}
  m_PrefabInstance: {fileID: 0}
  m_PrefabAsset: {fileID: 0}
  m_GameObject: {fileID: 6511592414102201229}
  m_LocalRotation: {x: -0, y: -0, z: -0, w: 1}
  m_LocalPosition: {x: 0, y: 0, z: 0}
  m_LocalScale: {x: 1, y: 1, z: 1}
  m_Children: []
  m_Father: {fileID: 8838600146314225584}
  m_RootOrder: 4
  m_LocalEulerAnglesHint: {x: 0, y: 0, z: 0}
--- !u!114 &8266577168113532311
MonoBehaviour:
  m_ObjectHideFlags: 0
  m_CorrespondingSourceObject: {fileID: 0}
  m_PrefabInstance: {fileID: 0}
  m_PrefabAsset: {fileID: 0}
  m_GameObject: {fileID: 6511592414102201229}
  m_Enabled: 0
  m_EditorHideFlags: 0
  m_Script: {fileID: 11500000, guid: 552fb6fa4deaccb46ba7fa59819fc06a, type: 3}
  m_Name: 
  m_EditorClassIdentifier: 
  special: 0
  objects:
  - {fileID: 114986966024178736, guid: ab37bdefbae5a66439cc1215a71ecb11, type: 3}
  - {fileID: 2647852329520218456, guid: 8d4f907bba59f6e42b73731e08670013, type: 3}
  objectSizeX:
    serializedVersion: 2
    m_Curve:
    - serializedVersion: 3
      time: 0
      value: 0.05
      inSlope: 0
      outSlope: 0
      tangentMode: 0
      weightedMode: 3
      inWeight: 0
      outWeight: 0
    - serializedVersion: 3
      time: 1
      value: 0.06
      inSlope: 0
      outSlope: 0
      tangentMode: 0
      weightedMode: 3
      inWeight: 0
      outWeight: 0
    m_PreInfinity: 2
    m_PostInfinity: 2
    m_RotationOrder: 4
  objectSizeY:
    serializedVersion: 2
    m_Curve:
    - serializedVersion: 3
      time: 0
      value: 0.05
      inSlope: 0
      outSlope: 0
      tangentMode: 0
      weightedMode: 3
      inWeight: 0
      outWeight: 0
    - serializedVersion: 3
      time: 1
      value: 0.06
      inSlope: 0
      outSlope: 0
      tangentMode: 0
      weightedMode: 3
      inWeight: 0
      outWeight: 0
    m_PreInfinity: 2
    m_PostInfinity: 2
    m_RotationOrder: 4
  objectSizeZ:
    serializedVersion: 2
    m_Curve:
    - serializedVersion: 3
      time: 0
      value: 0.05
      inSlope: 0
      outSlope: 0
      tangentMode: 0
      weightedMode: 3
      inWeight: 0
      outWeight: 0
    - serializedVersion: 3
      time: 1
      value: 0.06
      inSlope: 0
      outSlope: 0
      tangentMode: 0
      weightedMode: 3
      inWeight: 0
      outWeight: 0
    m_PreInfinity: 2
    m_PostInfinity: 2
    m_RotationOrder: 4
  rotationX:
    serializedVersion: 2
    m_Curve:
    - serializedVersion: 3
      time: 0
      value: 0
      inSlope: 0
      outSlope: 0
      tangentMode: 0
      weightedMode: 3
      inWeight: 0
      outWeight: 0
    - serializedVersion: 3
      time: 1
      value: 0
      inSlope: 0
      outSlope: 0
      tangentMode: 0
      weightedMode: 3
      inWeight: 0
      outWeight: 0
    m_PreInfinity: 2
    m_PostInfinity: 2
    m_RotationOrder: 4
  rotationY:
    serializedVersion: 2
    m_Curve:
    - serializedVersion: 3
      time: 0
      value: 0
      inSlope: 0
      outSlope: 0
      tangentMode: 0
      weightedMode: 3
      inWeight: 0
      outWeight: 0
    - serializedVersion: 3
      time: 1
      value: 0
      inSlope: 0
      outSlope: 0
      tangentMode: 0
      weightedMode: 3
      inWeight: 0
      outWeight: 0
    m_PreInfinity: 2
    m_PostInfinity: 2
    m_RotationOrder: 4
  rotationZ:
    serializedVersion: 2
    m_Curve:
    - serializedVersion: 3
      time: 0
      value: 0
      inSlope: 0
      outSlope: 0
      tangentMode: 0
      weightedMode: 3
      inWeight: 0
      outWeight: 0
    - serializedVersion: 3
      time: 1
      value: 360
      inSlope: 0
      outSlope: 0
      tangentMode: 0
      weightedMode: 3
      inWeight: 0
      outWeight: 0
    m_PreInfinity: 2
    m_PostInfinity: 2
    m_RotationOrder: 4
  color:
    serializedVersion: 2
    key0: {r: 1, g: 0.07843137, b: 0.46137494, a: 1}
    key1: {r: 1, g: 0.07843137, b: 0.46137494, a: 1}
    key2: {r: 1, g: 0.07843137, b: 0.46137494, a: 0}
    key3: {r: 1, g: 0.07843137, b: 0.46137494, a: 0}
    key4: {r: 1, g: 0.07843137, b: 0.46137494, a: 0}
    key5: {r: 1, g: 0.8209606, b: 0.07843137, a: 0}
    key6: {r: 1, g: 0.8209606, b: 0.07843137, a: 0}
    key7: {r: 0, g: 0, b: 0, a: 0}
    ctime0: 0
    ctime1: 65535
    ctime2: 57054
    ctime3: 57054
    ctime4: 57054
    ctime5: 64571
    ctime6: 64571
    ctime7: 0
    atime0: 0
    atime1: 65535
    atime2: 0
    atime3: 0
    atime4: 0
    atime5: 0
    atime6: 0
    atime7: 0
    m_Mode: 0
    m_NumColorKeys: 2
    m_NumAlphaKeys: 2
  spacing: 0.1
  radius: 0.4
  count: 2
  sprinklePreviewType: 0
--- !u!1 &6859059401087046048
GameObject:
  m_ObjectHideFlags: 0
  m_CorrespondingSourceObject: {fileID: 0}
  m_PrefabInstance: {fileID: 0}
  m_PrefabAsset: {fileID: 0}
  serializedVersion: 6
  m_Component:
  - component: {fileID: 3948282453321252519}
  - component: {fileID: 8918034755323123681}
  - component: {fileID: 980420691811001273}
  - component: {fileID: 5613000109711089821}
  m_Layer: 8
  m_Name: StrokeManual 1
  m_TagString: Untagged
  m_Icon: {fileID: 0}
  m_NavMeshLayer: 0
  m_StaticEditorFlags: 0
  m_IsActive: 1
--- !u!4 &3948282453321252519
Transform:
  m_ObjectHideFlags: 0
  m_CorrespondingSourceObject: {fileID: 0}
  m_PrefabInstance: {fileID: 0}
  m_PrefabAsset: {fileID: 0}
  m_GameObject: {fileID: 6859059401087046048}
  m_LocalRotation: {x: 0, y: 0, z: 0, w: 1}
  m_LocalPosition: {x: 0.034, y: 0, z: 0}
  m_LocalScale: {x: 1.134791, y: 1.134791, z: 1.134791}
  m_Children: []
  m_Father: {fileID: 6252837734657705656}
  m_RootOrder: 1
  m_LocalEulerAnglesHint: {x: 0, y: 0, z: 0}
--- !u!114 &8918034755323123681
MonoBehaviour:
  m_ObjectHideFlags: 0
  m_CorrespondingSourceObject: {fileID: 0}
  m_PrefabInstance: {fileID: 0}
  m_PrefabAsset: {fileID: 0}
  m_GameObject: {fileID: 6859059401087046048}
  m_Enabled: 1
  m_EditorHideFlags: 0
  m_Script: {fileID: 11500000, guid: f6202143f93329f4596fcd4f38f4496e, type: 3}
  m_Name: 
  m_EditorClassIdentifier: 
  tip: {fileID: 4760252478746094373, guid: 0499a74804bbbed4083ca126c34374b8, type: 3}
  size:
    serializedVersion: 2
    m_Curve:
    - serializedVersion: 3
      time: 0
      value: 0.09959717
      inSlope: 0
      outSlope: 0
      tangentMode: 0
      weightedMode: 3
      inWeight: 0
      outWeight: 0
    - serializedVersion: 3
      time: 1
      value: 0.09959717
      inSlope: 0
      outSlope: 0
      tangentMode: 0
      weightedMode: 3
      inWeight: 0
      outWeight: 0
    m_PreInfinity: 2
    m_PostInfinity: 2
    m_RotationOrder: 4
  twist: 0
--- !u!114 &980420691811001273
MonoBehaviour:
  m_ObjectHideFlags: 0
  m_CorrespondingSourceObject: {fileID: 0}
  m_PrefabInstance: {fileID: 0}
  m_PrefabAsset: {fileID: 0}
  m_GameObject: {fileID: 6859059401087046048}
  m_Enabled: 1
  m_EditorHideFlags: 0
  m_Script: {fileID: 11500000, guid: c25f2c3c6d52ab744a70ac080b3e3958, type: 3}
  m_Name: 
  m_EditorClassIdentifier: 
  svgPoints:
  - x: -0.6662681577049849
    y: -0.7236528680367365
  - x: -0.6662681577049849
    y: -0.7236528680367365
  - x: -0.9625712721694912
    y: -0.5211514830756113
  - x: -0.9399484894836687
    y: -0.12056290797910602
  - x: -0.9399484894836687
    y: -0.12056290797910602
  - x: -1.3504690082002355
    y: -0.2419533814540698
  - x: -1.4718594816751993
    y: 0.21105378613990133
  - x: -1.5
    y: 0.6899943983254097
  - x: -1.145208748841952
    y: 0.7280668313285278
  - x: -1.0133345652869117
    y: 0.7225490825342112
  - x: -0.8814603712076006
    y: 0.7175831087508797
  - x: -0.7297222688396251
    y: 0.5983997346620892
  - x: -0.6993746504708842
    y: 0.534945623527449
  - x: -0.6993746504708842
    y: 0.534945623527449
  - x: -0.08304212698456007
    y: 1.143553332379396
  - x: 0.606676472305007
    y: 0.5382562729355923
  - x: 0.606676472305007
    y: 0.5382562729355923
  - x: 0.9581570747126786
    y: 0.9653300380351088
  - x: 1.3239838155661567
    y: 0.535497398538434
  - x: 1.5
    y: 0.2502297816625609
  - x: 1.3272944649743
    y: -0.0206916967675058
  - x: 1.1551407003552165
    y: -0.0946294969336814
  - x: 0.9829869357361332
    y: -0.16856729709985702
  - x: 0.8489056422706488
    y: -0.1260806640088586
  - x: 0.8489056422706488
    y: -0.1260806640088586
  - x: 0.8489056422706488
    y: -0.1260806640088586
  - x: 0.8842192350804882
    y: -0.42900508123625297
  - x: 0.6166084264493391
    y: -0.7032371794749518
  - x: 0.6166084264493391
    y: -0.7032371794749518
  - x: 0.8455950014134754
    y: -0.3368586511129173
  - x: 0.7115137099212918
    y: 0.036141158963464065
  - x: 0.5774324184291082
    y: 0.4091409690398454
  - x: 0.23257309773578344
    y: 0.581846523140786
  - x: -0.15477285078640443
    y: 0.5360491913091258
  - x: -0.5421187993085923
    y: 0.4902518594774655
  - x: -0.7920728365299644
    y: 0.21215733287303684
  - x: -0.8235239878187357
    y: -0.08359401513145426
  - x: -0.8544234252688448
    y: -0.3793452085607206
  - x: -0.7876586311799488
    y: -0.557016787093045
  - x: -0.6662681577049849
    y: -0.7236528680367365
  - x: 0
    y: 0
  - x: 0
    y: 0
  svgCommands: 010000000400000004000000040000000400000004000000040000000400000004000000040000000400000004000000040000000400000004000000040000000400000004000000040000000400000004000000040000000400000004000000040000000400000004000000040000000400000004000000040000000400000004000000040000000400000004000000040000000400000004000000040000004f00000000000000
  reverse: 0
  offset: 0
--- !u!114 &5613000109711089821
MonoBehaviour:
  m_ObjectHideFlags: 0
  m_CorrespondingSourceObject: {fileID: 0}
  m_PrefabInstance: {fileID: 0}
  m_PrefabAsset: {fileID: 0}
  m_GameObject: {fileID: 6859059401087046048}
  m_Enabled: 1
  m_EditorHideFlags: 0
  m_Script: {fileID: 11500000, guid: 5120595cb07379d488e526d799bc1e6d, type: 3}
  m_Name: 
  m_EditorClassIdentifier: 
  path: {fileID: 980420691811001273}
  sections:
  - weight: 1
    colors: 02000000
  options:
  - colors:
    - {r: 0.986, g: 0.28298193, b: 0.3266477, a: 1}
  - colors:
    - {r: 0, g: 0, b: 0, a: 1}
  - colors:
    - {r: 1, g: 0.33490568, b: 0.6483952, a: 1}
  brush: {fileID: 8918034755323123681}
  material: {fileID: 2100000, guid: 108036d14a7415f4b95df06c69a79ceb, type: 2}
--- !u!1 &7101987271346442540
GameObject:
  m_ObjectHideFlags: 0
  m_CorrespondingSourceObject: {fileID: 0}
  m_PrefabInstance: {fileID: 0}
  m_PrefabAsset: {fileID: 0}
  serializedVersion: 6
  m_Component:
  - component: {fileID: 2031081926495712987}
  - component: {fileID: 8015297437896305147}
  - component: {fileID: 8457350433581931517}
  - component: {fileID: 5842310968365524763}
  m_Layer: 8
  m_Name: StrokeManual 9
  m_TagString: Untagged
  m_Icon: {fileID: 0}
  m_NavMeshLayer: 0
  m_StaticEditorFlags: 0
  m_IsActive: 1
--- !u!4 &2031081926495712987
Transform:
  m_ObjectHideFlags: 0
  m_CorrespondingSourceObject: {fileID: 0}
  m_PrefabInstance: {fileID: 0}
  m_PrefabAsset: {fileID: 0}
  m_GameObject: {fileID: 7101987271346442540}
  m_LocalRotation: {x: 0, y: 0, z: 0, w: 1}
  m_LocalPosition: {x: 0.034, y: -0.053, z: 0}
  m_LocalScale: {x: 1.0461502, y: 1.0461502, z: 1.0461502}
  m_Children: []
  m_Father: {fileID: 6252837734657705656}
  m_RootOrder: 9
  m_LocalEulerAnglesHint: {x: 0, y: 0, z: 0}
--- !u!114 &8015297437896305147
MonoBehaviour:
  m_ObjectHideFlags: 0
  m_CorrespondingSourceObject: {fileID: 0}
  m_PrefabInstance: {fileID: 0}
  m_PrefabAsset: {fileID: 0}
  m_GameObject: {fileID: 7101987271346442540}
  m_Enabled: 1
  m_EditorHideFlags: 0
  m_Script: {fileID: 11500000, guid: f6202143f93329f4596fcd4f38f4496e, type: 3}
  m_Name: 
  m_EditorClassIdentifier: 
  tip: {fileID: 4760252478746094373, guid: 0499a74804bbbed4083ca126c34374b8, type: 3}
  size:
    serializedVersion: 2
    m_Curve:
    - serializedVersion: 3
      time: 0
      value: 0.09959717
      inSlope: 0
      outSlope: 0
      tangentMode: 0
      weightedMode: 3
      inWeight: 0
      outWeight: 0
    - serializedVersion: 3
      time: 1
      value: 0.09959717
      inSlope: 0
      outSlope: 0
      tangentMode: 0
      weightedMode: 3
      inWeight: 0
      outWeight: 0
    m_PreInfinity: 2
    m_PostInfinity: 2
    m_RotationOrder: 4
  twist: 0
--- !u!114 &8457350433581931517
MonoBehaviour:
  m_ObjectHideFlags: 0
  m_CorrespondingSourceObject: {fileID: 0}
  m_PrefabInstance: {fileID: 0}
  m_PrefabAsset: {fileID: 0}
  m_GameObject: {fileID: 7101987271346442540}
  m_Enabled: 1
  m_EditorHideFlags: 0
  m_Script: {fileID: 11500000, guid: c25f2c3c6d52ab744a70ac080b3e3958, type: 3}
  m_Name: 
  m_EditorClassIdentifier: 
  svgPoints:
  - x: -0.6728894394193319
    y: -0.43010856482376475
  - x: -0.6728894394193319
    y: -0.43010856482376475
  - x: -0.056556915933007705
    y: -0.4941144529426907
  - x: 0.0300717653960114
    y: -0.48473427578264433
  - x: 0.11670044672503051
    y: -0.475354098622598
  - x: 0.5774324289533789
    y: -0.40693401567792703
  - x: 0.6188155449107529
    y: -0.4251425877515987
  - x: 0.6596468865149088
    y: -0.4433511585097365
  - x: 0.6508184889702158
    y: -0.680614352718746
  - x: 0.5139783178187387
    y: -0.7308258793761513
  - x: 0.3771381519293968
    y: -0.7810373955092859
  - x: -0.16580831680222563
    y: -0.8086261394808686
  - x: -0.517288898161356
    y: -0.7534486489066355
  - x: -0.653577318639224
    y: -0.7286186398856255
  - x: -0.7231009871252783
    y: -0.5669486675674829
  - x: -0.6728894394193319
    y: -0.43010856482376475
  - x: 0
    y: 0
  - x: 0
    y: 0
  svgCommands: 010000000400000004000000040000000400000004000000040000000400000004000000040000000400000004000000040000000400000004000000040000004f00000000000000
  reverse: 0
  offset: 0
--- !u!114 &5842310968365524763
MonoBehaviour:
  m_ObjectHideFlags: 0
  m_CorrespondingSourceObject: {fileID: 0}
  m_PrefabInstance: {fileID: 0}
  m_PrefabAsset: {fileID: 0}
  m_GameObject: {fileID: 7101987271346442540}
  m_Enabled: 1
  m_EditorHideFlags: 0
  m_Script: {fileID: 11500000, guid: 5120595cb07379d488e526d799bc1e6d, type: 3}
  m_Name: 
  m_EditorClassIdentifier: 
  path: {fileID: 8457350433581931517}
  sections:
  - weight: 1
    colors: 01000000
  options:
  - colors:
    - {r: 0.986, g: 0.28298193, b: 0.3266477, a: 1}
  - colors:
    - {r: 0, g: 0, b: 0, a: 1}
  - colors:
    - {r: 1, g: 0.33490568, b: 0.6483952, a: 1}
  brush: {fileID: 8015297437896305147}
  material: {fileID: 2100000, guid: 108036d14a7415f4b95df06c69a79ceb, type: 2}
--- !u!1 &7519848092674669167
GameObject:
  m_ObjectHideFlags: 0
  m_CorrespondingSourceObject: {fileID: 0}
  m_PrefabInstance: {fileID: 0}
  m_PrefabAsset: {fileID: 0}
  serializedVersion: 6
  m_Component:
  - component: {fileID: 7623549466777321295}
  - component: {fileID: 6188053065542460367}
  m_Layer: 8
  m_Name: Option
  m_TagString: Untagged
  m_Icon: {fileID: 0}
  m_NavMeshLayer: 0
  m_StaticEditorFlags: 0
  m_IsActive: 1
--- !u!4 &7623549466777321295
Transform:
  m_ObjectHideFlags: 0
  m_CorrespondingSourceObject: {fileID: 0}
  m_PrefabInstance: {fileID: 0}
  m_PrefabAsset: {fileID: 0}
  m_GameObject: {fileID: 7519848092674669167}
  m_LocalRotation: {x: -0, y: -0, z: -0, w: 1}
  m_LocalPosition: {x: 0, y: 0, z: 0}
  m_LocalScale: {x: 1, y: 1, z: 1}
  m_Children: []
  m_Father: {fileID: 8838600146314225584}
  m_RootOrder: 1
  m_LocalEulerAnglesHint: {x: 0, y: 0, z: 0}
--- !u!114 &6188053065542460367
MonoBehaviour:
  m_ObjectHideFlags: 0
  m_CorrespondingSourceObject: {fileID: 0}
  m_PrefabInstance: {fileID: 0}
  m_PrefabAsset: {fileID: 0}
  m_GameObject: {fileID: 7519848092674669167}
  m_Enabled: 0
  m_EditorHideFlags: 0
  m_Script: {fileID: 11500000, guid: 552fb6fa4deaccb46ba7fa59819fc06a, type: 3}
  m_Name: 
  m_EditorClassIdentifier: 
  special: 0
  objects:
  - {fileID: 114986966024178736, guid: ab37bdefbae5a66439cc1215a71ecb11, type: 3}
  - {fileID: 2647852329520218456, guid: 8d4f907bba59f6e42b73731e08670013, type: 3}
  objectSizeX:
    serializedVersion: 2
    m_Curve:
    - serializedVersion: 3
      time: 0
      value: 0.05
      inSlope: 0
      outSlope: 0
      tangentMode: 0
      weightedMode: 3
      inWeight: 0
      outWeight: 0
    - serializedVersion: 3
      time: 1
      value: 0.06
      inSlope: 0
      outSlope: 0
      tangentMode: 0
      weightedMode: 3
      inWeight: 0
      outWeight: 0
    m_PreInfinity: 2
    m_PostInfinity: 2
    m_RotationOrder: 4
  objectSizeY:
    serializedVersion: 2
    m_Curve:
    - serializedVersion: 3
      time: 0
      value: 0.05
      inSlope: 0
      outSlope: 0
      tangentMode: 0
      weightedMode: 3
      inWeight: 0
      outWeight: 0
    - serializedVersion: 3
      time: 1
      value: 0.06
      inSlope: 0
      outSlope: 0
      tangentMode: 0
      weightedMode: 3
      inWeight: 0
      outWeight: 0
    m_PreInfinity: 2
    m_PostInfinity: 2
    m_RotationOrder: 4
  objectSizeZ:
    serializedVersion: 2
    m_Curve:
    - serializedVersion: 3
      time: 0
      value: 0.05
      inSlope: 0
      outSlope: 0
      tangentMode: 0
      weightedMode: 3
      inWeight: 0
      outWeight: 0
    - serializedVersion: 3
      time: 1
      value: 0.06
      inSlope: 0
      outSlope: 0
      tangentMode: 0
      weightedMode: 3
      inWeight: 0
      outWeight: 0
    m_PreInfinity: 2
    m_PostInfinity: 2
    m_RotationOrder: 4
  rotationX:
    serializedVersion: 2
    m_Curve:
    - serializedVersion: 3
      time: 0
      value: 0
      inSlope: 0
      outSlope: 0
      tangentMode: 0
      weightedMode: 3
      inWeight: 0
      outWeight: 0
    - serializedVersion: 3
      time: 1
      value: 0
      inSlope: 0
      outSlope: 0
      tangentMode: 0
      weightedMode: 3
      inWeight: 0
      outWeight: 0
    m_PreInfinity: 2
    m_PostInfinity: 2
    m_RotationOrder: 4
  rotationY:
    serializedVersion: 2
    m_Curve:
    - serializedVersion: 3
      time: 0
      value: 0
      inSlope: 0
      outSlope: 0
      tangentMode: 0
      weightedMode: 3
      inWeight: 0
      outWeight: 0
    - serializedVersion: 3
      time: 1
      value: 0
      inSlope: 0
      outSlope: 0
      tangentMode: 0
      weightedMode: 3
      inWeight: 0
      outWeight: 0
    m_PreInfinity: 2
    m_PostInfinity: 2
    m_RotationOrder: 4
  rotationZ:
    serializedVersion: 2
    m_Curve:
    - serializedVersion: 3
      time: 0
      value: 0
      inSlope: 0
      outSlope: 0
      tangentMode: 0
      weightedMode: 3
      inWeight: 0
      outWeight: 0
    - serializedVersion: 3
      time: 1
      value: 360
      inSlope: 0
      outSlope: 0
      tangentMode: 0
      weightedMode: 3
      inWeight: 0
      outWeight: 0
    m_PreInfinity: 2
    m_PostInfinity: 2
    m_RotationOrder: 4
  color:
    serializedVersion: 2
    key0: {r: 0.21856683, g: 1, b: 0.08018869, a: 1}
    key1: {r: 0.21856683, g: 1, b: 0.08018869, a: 1}
    key2: {r: 1, g: 0.07843137, b: 0.46137494, a: 0}
    key3: {r: 1, g: 0.07843137, b: 0.46137494, a: 0}
    key4: {r: 1, g: 0.07843137, b: 0.46137494, a: 0}
    key5: {r: 1, g: 0.07843137, b: 0.46137494, a: 0}
    key6: {r: 1, g: 0.8209606, b: 0.07843137, a: 0}
    key7: {r: 0, g: 0, b: 0, a: 0}
    ctime0: 0
    ctime1: 65535
    ctime2: 57054
    ctime3: 57054
    ctime4: 57054
    ctime5: 57054
    ctime6: 65150
    ctime7: 0
    atime0: 0
    atime1: 65535
    atime2: 0
    atime3: 0
    atime4: 0
    atime5: 0
    atime6: 0
    atime7: 0
    m_Mode: 0
    m_NumColorKeys: 2
    m_NumAlphaKeys: 2
  spacing: 0.1
  radius: 0.4
  count: 2
  sprinklePreviewType: 1
--- !u!1 &7800041777741870543
GameObject:
  m_ObjectHideFlags: 0
  m_CorrespondingSourceObject: {fileID: 0}
  m_PrefabInstance: {fileID: 0}
  m_PrefabAsset: {fileID: 0}
  serializedVersion: 6
  m_Component:
  - component: {fileID: 1088291698873450469}
  - component: {fileID: 645313400552890790}
  m_Layer: 0
  m_Name: c2_tra_053
  m_TagString: Untagged
  m_Icon: {fileID: 0}
  m_NavMeshLayer: 0
  m_StaticEditorFlags: 0
  m_IsActive: 1
--- !u!4 &1088291698873450469
Transform:
  m_ObjectHideFlags: 0
  m_CorrespondingSourceObject: {fileID: 0}
  m_PrefabInstance: {fileID: 0}
  m_PrefabAsset: {fileID: 0}
  m_GameObject: {fileID: 7800041777741870543}
  m_LocalRotation: {x: 0, y: 0, z: 0, w: 1}
  m_LocalPosition: {x: 0, y: 0, z: 0}
  m_LocalScale: {x: 1, y: 1, z: 1}
  m_Children:
  - {fileID: 3454080812839344567}
  - {fileID: 495917166607420404}
  - {fileID: 670641951230757755}
  m_Father: {fileID: 0}
  m_RootOrder: 0
  m_LocalEulerAnglesHint: {x: 0, y: 0, z: 0}
--- !u!114 &645313400552890790
MonoBehaviour:
  m_ObjectHideFlags: 0
  m_CorrespondingSourceObject: {fileID: 0}
  m_PrefabInstance: {fileID: 0}
  m_PrefabAsset: {fileID: 0}
  m_GameObject: {fileID: 7800041777741870543}
  m_Enabled: 1
  m_EditorHideFlags: 0
  m_Script: {fileID: 11500000, guid: f522867c3f9eb3e4bb325c968c25314e, type: 3}
  m_Name: 
  m_EditorClassIdentifier: 
  layers:
  - {fileID: 4931297446502358906}
  backgroundColor: {r: 0.5330188, g: 0.8501805, b: 1, a: 1}
  glitterStroke: 0
  glitterCake: 0
  newPreview: 0
  strokeRate: 0.5
  sprinkleRate: 0.5
  diskColor: {r: 0.8862745, g: 0.6745098, b: 0.78039217, a: 1}
  type: 0
  previewCameraTransform: {fileID: 670641951230757755}
  previewCameraSize: 2
  previewCameraSizeForSelection: 2.2
  finishCameraTransform: {fileID: 495917166607420404}
  previewScale: 1
  specialStroke: 0
  specialFill: 0
--- !u!1 &7873938062259997509
GameObject:
  m_ObjectHideFlags: 0
  m_CorrespondingSourceObject: {fileID: 0}
  m_PrefabInstance: {fileID: 0}
  m_PrefabAsset: {fileID: 0}
  serializedVersion: 6
  m_Component:
  - component: {fileID: 2358514570722871452}
  - component: {fileID: 2864945414028998020}
  - component: {fileID: 2334459614887040163}
  - component: {fileID: 6915384781798487172}
  m_Layer: 8
  m_Name: StrokeManual 12
  m_TagString: Untagged
  m_Icon: {fileID: 0}
  m_NavMeshLayer: 0
  m_StaticEditorFlags: 0
  m_IsActive: 1
--- !u!4 &2358514570722871452
Transform:
  m_ObjectHideFlags: 0
  m_CorrespondingSourceObject: {fileID: 0}
  m_PrefabInstance: {fileID: 0}
  m_PrefabAsset: {fileID: 0}
  m_GameObject: {fileID: 7873938062259997509}
  m_LocalRotation: {x: 0, y: 0, z: 0, w: 1}
  m_LocalPosition: {x: 0.034, y: -0.053, z: 0}
  m_LocalScale: {x: 1.0461502, y: 1.0461502, z: 1.0461502}
  m_Children: []
  m_Father: {fileID: 6252837734657705656}
  m_RootOrder: 12
  m_LocalEulerAnglesHint: {x: 0, y: 0, z: 0}
--- !u!114 &2864945414028998020
MonoBehaviour:
  m_ObjectHideFlags: 0
  m_CorrespondingSourceObject: {fileID: 0}
  m_PrefabInstance: {fileID: 0}
  m_PrefabAsset: {fileID: 0}
  m_GameObject: {fileID: 7873938062259997509}
  m_Enabled: 1
  m_EditorHideFlags: 0
  m_Script: {fileID: 11500000, guid: f6202143f93329f4596fcd4f38f4496e, type: 3}
  m_Name: 
  m_EditorClassIdentifier: 
  tip: {fileID: 4760252478746094373, guid: 0499a74804bbbed4083ca126c34374b8, type: 3}
  size:
    serializedVersion: 2
    m_Curve:
    - serializedVersion: 3
      time: 0
      value: 0.09959717
      inSlope: 0
      outSlope: 0
      tangentMode: 0
      weightedMode: 3
      inWeight: 0
      outWeight: 0
    - serializedVersion: 3
      time: 1
      value: 0.09959717
      inSlope: 0
      outSlope: 0
      tangentMode: 0
      weightedMode: 3
      inWeight: 0
      outWeight: 0
    m_PreInfinity: 2
    m_PostInfinity: 2
    m_RotationOrder: 4
  twist: 0
--- !u!114 &2334459614887040163
MonoBehaviour:
  m_ObjectHideFlags: 0
  m_CorrespondingSourceObject: {fileID: 0}
  m_PrefabInstance: {fileID: 0}
  m_PrefabAsset: {fileID: 0}
  m_GameObject: {fileID: 7873938062259997509}
  m_Enabled: 1
  m_EditorHideFlags: 0
  m_Script: {fileID: 11500000, guid: c25f2c3c6d52ab744a70ac080b3e3958, type: 3}
  m_Name: 
  m_EditorClassIdentifier: 
  svgPoints:
  - x: 0.3352031642693014
    y: -0.7335847485111743
  - x: 0.3352031642693014
    y: -0.7335847485111743
  - x: 0.33409961449399395
    y: -0.48694137319551684
  - x: 0.33354783956522976
    y: -0.4775611960354705
  - x: 384.4999877810478
    y: 516.5999984741211
  svgCommands: 0100000004000000040000000400000000000000
  reverse: 0
  offset: 0
--- !u!114 &6915384781798487172
MonoBehaviour:
  m_ObjectHideFlags: 0
  m_CorrespondingSourceObject: {fileID: 0}
  m_PrefabInstance: {fileID: 0}
  m_PrefabAsset: {fileID: 0}
  m_GameObject: {fileID: 7873938062259997509}
  m_Enabled: 1
  m_EditorHideFlags: 0
  m_Script: {fileID: 11500000, guid: 5120595cb07379d488e526d799bc1e6d, type: 3}
  m_Name: 
  m_EditorClassIdentifier: 
  path: {fileID: 2334459614887040163}
  sections:
  - weight: 1
    colors: 01000000
  options:
  - colors:
    - {r: 0.986, g: 0.28298193, b: 0.3266477, a: 1}
  - colors:
    - {r: 0, g: 0, b: 0, a: 1}
  - colors:
    - {r: 1, g: 0.33490568, b: 0.6483952, a: 1}
  brush: {fileID: 2864945414028998020}
  material: {fileID: 2100000, guid: 108036d14a7415f4b95df06c69a79ceb, type: 2}
--- !u!1 &8346898235589256620
GameObject:
  m_ObjectHideFlags: 0
  m_CorrespondingSourceObject: {fileID: 0}
  m_PrefabInstance: {fileID: 0}
  m_PrefabAsset: {fileID: 0}
  serializedVersion: 6
  m_Component:
  - component: {fileID: 8838600146314225584}
  m_Layer: 8
  m_Name: Options
  m_TagString: Untagged
  m_Icon: {fileID: 0}
  m_NavMeshLayer: 0
  m_StaticEditorFlags: 0
  m_IsActive: 1
--- !u!4 &8838600146314225584
Transform:
  m_ObjectHideFlags: 0
  m_CorrespondingSourceObject: {fileID: 0}
  m_PrefabInstance: {fileID: 0}
  m_PrefabAsset: {fileID: 0}
  m_GameObject: {fileID: 8346898235589256620}
  m_LocalRotation: {x: 0, y: 0, z: 0, w: 1}
  m_LocalPosition: {x: 0, y: 0, z: 0}
  m_LocalScale: {x: 1, y: 1, z: 1}
  m_Children:
  - {fileID: 1003335973328372110}
  - {fileID: 7623549466777321295}
  - {fileID: 8080002069067318502}
  - {fileID: 6679562797335172138}
  - {fileID: 1950990025458203159}
  m_Father: {fileID: 5272669895830664455}
  m_RootOrder: 0
  m_LocalEulerAnglesHint: {x: 0, y: 0, z: 0}
--- !u!1 &8632497512186679732
GameObject:
  m_ObjectHideFlags: 0
  m_CorrespondingSourceObject: {fileID: 0}
  m_PrefabInstance: {fileID: 0}
  m_PrefabAsset: {fileID: 0}
  serializedVersion: 6
  m_Component:
  - component: {fileID: 1003335973328372110}
  - component: {fileID: 5517782161234306071}
  m_Layer: 8
  m_Name: Option
  m_TagString: Untagged
  m_Icon: {fileID: 0}
  m_NavMeshLayer: 0
  m_StaticEditorFlags: 0
  m_IsActive: 1
--- !u!4 &1003335973328372110
Transform:
  m_ObjectHideFlags: 0
  m_CorrespondingSourceObject: {fileID: 0}
  m_PrefabInstance: {fileID: 0}
  m_PrefabAsset: {fileID: 0}
  m_GameObject: {fileID: 8632497512186679732}
  m_LocalRotation: {x: -0, y: -0, z: -0, w: 1}
  m_LocalPosition: {x: 0, y: 0, z: 0}
  m_LocalScale: {x: 1, y: 1, z: 1}
  m_Children: []
  m_Father: {fileID: 8838600146314225584}
  m_RootOrder: 0
  m_LocalEulerAnglesHint: {x: 0, y: 0, z: 0}
--- !u!114 &5517782161234306071
MonoBehaviour:
  m_ObjectHideFlags: 0
  m_CorrespondingSourceObject: {fileID: 0}
  m_PrefabInstance: {fileID: 0}
  m_PrefabAsset: {fileID: 0}
  m_GameObject: {fileID: 8632497512186679732}
  m_Enabled: 0
  m_EditorHideFlags: 0
  m_Script: {fileID: 11500000, guid: 552fb6fa4deaccb46ba7fa59819fc06a, type: 3}
  m_Name: 
  m_EditorClassIdentifier: 
  special: 0
  objects:
  - {fileID: 114617897605414048, guid: 2d45c34696c116b438e5163ea9bd230b, type: 3}
  objectSizeX:
    serializedVersion: 2
    m_Curve:
    - serializedVersion: 3
      time: 0
      value: 0.14509277
      inSlope: 0
      outSlope: 0
      tangentMode: 0
      weightedMode: 3
      inWeight: 0
      outWeight: 0
    - serializedVersion: 3
      time: 1
      value: 0.15509278
      inSlope: 0
      outSlope: 0
      tangentMode: 0
      weightedMode: 3
      inWeight: 0
      outWeight: 0
    m_PreInfinity: 2
    m_PostInfinity: 2
    m_RotationOrder: 4
  objectSizeY:
    serializedVersion: 2
    m_Curve:
    - serializedVersion: 3
      time: 0
      value: 0.14936523
      inSlope: 0
      outSlope: 0
      tangentMode: 0
      weightedMode: 3
      inWeight: 0
      outWeight: 0
    - serializedVersion: 3
      time: 1
      value: 0.15936524
      inSlope: 0
      outSlope: 0
      tangentMode: 0
      weightedMode: 3
      inWeight: 0
      outWeight: 0
    m_PreInfinity: 2
    m_PostInfinity: 2
    m_RotationOrder: 4
  objectSizeZ:
    serializedVersion: 2
    m_Curve:
    - serializedVersion: 3
      time: 0
      value: 0.14423828
      inSlope: 0
      outSlope: 0
      tangentMode: 0
      weightedMode: 3
      inWeight: 0
      outWeight: 0
    - serializedVersion: 3
      time: 1
      value: 0.15423828
      inSlope: 0
      outSlope: 0
      tangentMode: 0
      weightedMode: 3
      inWeight: 0
      outWeight: 0
    m_PreInfinity: 2
    m_PostInfinity: 2
    m_RotationOrder: 4
  rotationX:
    serializedVersion: 2
    m_Curve:
    - serializedVersion: 3
      time: 0
      value: 0
      inSlope: 0
      outSlope: 0
      tangentMode: 0
      weightedMode: 3
      inWeight: 0
      outWeight: 0
    - serializedVersion: 3
      time: 1
      value: 0
      inSlope: 0
      outSlope: 0
      tangentMode: 0
      weightedMode: 3
      inWeight: 0
      outWeight: 0
    m_PreInfinity: 2
    m_PostInfinity: 2
    m_RotationOrder: 4
  rotationY:
    serializedVersion: 2
    m_Curve:
    - serializedVersion: 3
      time: 0
      value: 0
      inSlope: 0
      outSlope: 0
      tangentMode: 0
      weightedMode: 3
      inWeight: 0
      outWeight: 0
    - serializedVersion: 3
      time: 1
      value: 0
      inSlope: 0
      outSlope: 0
      tangentMode: 0
      weightedMode: 3
      inWeight: 0
      outWeight: 0
    m_PreInfinity: 2
    m_PostInfinity: 2
    m_RotationOrder: 4
  rotationZ:
    serializedVersion: 2
    m_Curve:
    - serializedVersion: 3
      time: 0
      value: 0
      inSlope: 0
      outSlope: 0
      tangentMode: 0
      weightedMode: 3
      inWeight: 0
      outWeight: 0
    - serializedVersion: 3
      time: 1
      value: 360
      inSlope: 0
      outSlope: 0
      tangentMode: 0
      weightedMode: 3
      inWeight: 0
      outWeight: 0
    m_PreInfinity: 2
    m_PostInfinity: 2
    m_RotationOrder: 4
  color:
    serializedVersion: 2
    key0: {r: 1, g: 1, b: 1, a: 1}
    key1: {r: 0, g: 0.37785387, b: 1, a: 1}
    key2: {r: 0.07843137, g: 1, b: 0.81982154, a: 0}
    key3: {r: 0.07843137, g: 0.4779123, b: 1, a: 0}
    key4: {r: 0.62513065, g: 0.07843137, b: 1, a: 0}
    key5: {r: 1, g: 0.07843137, b: 0.46137494, a: 0}
    key6: {r: 1, g: 0.8209606, b: 0.07843137, a: 0}
    key7: {r: 0, g: 0, b: 0, a: 0}
    ctime0: 386
    ctime1: 65535
    ctime2: 22552
    ctime3: 37201
    ctime4: 49151
    ctime5: 57054
    ctime6: 64571
    ctime7: 0
    atime0: 0
    atime1: 65535
    atime2: 0
    atime3: 0
    atime4: 0
    atime5: 0
    atime6: 0
    atime7: 0
    m_Mode: 0
    m_NumColorKeys: 2
    m_NumAlphaKeys: 2
  spacing: 0.23
  radius: 0.58
  count: 1
  sprinklePreviewType: 1
--- !u!1 &8684628145304727156
GameObject:
  m_ObjectHideFlags: 0
  m_CorrespondingSourceObject: {fileID: 0}
  m_PrefabInstance: {fileID: 0}
  m_PrefabAsset: {fileID: 0}
  serializedVersion: 6
  m_Component:
  - component: {fileID: 3058679357701625249}
  - component: {fileID: 2796262365559593231}
  - component: {fileID: 9064153519820968795}
  - component: {fileID: 4193709607926224235}
  m_Layer: 8
  m_Name: StrokeManual 7
  m_TagString: Untagged
  m_Icon: {fileID: 0}
  m_NavMeshLayer: 0
  m_StaticEditorFlags: 0
  m_IsActive: 1
--- !u!4 &3058679357701625249
Transform:
  m_ObjectHideFlags: 0
  m_CorrespondingSourceObject: {fileID: 0}
  m_PrefabInstance: {fileID: 0}
  m_PrefabAsset: {fileID: 0}
  m_GameObject: {fileID: 8684628145304727156}
  m_LocalRotation: {x: 0, y: 0, z: 0, w: 1}
  m_LocalPosition: {x: -0.027, y: 0.035, z: 0}
  m_LocalScale: {x: 1.023944, y: 1.134791, z: 1.134791}
  m_Children: []
  m_Father: {fileID: 6252837734657705656}
  m_RootOrder: 7
  m_LocalEulerAnglesHint: {x: 0, y: 0, z: 0}
--- !u!114 &2796262365559593231
MonoBehaviour:
  m_ObjectHideFlags: 0
  m_CorrespondingSourceObject: {fileID: 0}
  m_PrefabInstance: {fileID: 0}
  m_PrefabAsset: {fileID: 0}
  m_GameObject: {fileID: 8684628145304727156}
  m_Enabled: 1
  m_EditorHideFlags: 0
  m_Script: {fileID: 11500000, guid: f6202143f93329f4596fcd4f38f4496e, type: 3}
  m_Name: 
  m_EditorClassIdentifier: 
  tip: {fileID: 4760252478746094373, guid: 0499a74804bbbed4083ca126c34374b8, type: 3}
  size:
    serializedVersion: 2
    m_Curve:
    - serializedVersion: 3
      time: 0
      value: 0.09959717
      inSlope: 0
      outSlope: 0
      tangentMode: 0
      weightedMode: 3
      inWeight: 0
      outWeight: 0
    - serializedVersion: 3
      time: 1
      value: 0.09959717
      inSlope: 0
      outSlope: 0
      tangentMode: 0
      weightedMode: 3
      inWeight: 0
      outWeight: 0
    m_PreInfinity: 2
    m_PostInfinity: 2
    m_RotationOrder: 4
  twist: 0
--- !u!114 &9064153519820968795
MonoBehaviour:
  m_ObjectHideFlags: 0
  m_CorrespondingSourceObject: {fileID: 0}
  m_PrefabInstance: {fileID: 0}
  m_PrefabAsset: {fileID: 0}
  m_GameObject: {fileID: 8684628145304727156}
  m_Enabled: 1
  m_EditorHideFlags: 0
  m_Script: {fileID: 11500000, guid: c25f2c3c6d52ab744a70ac080b3e3958, type: 3}
  m_Name: 
  m_EditorClassIdentifier: 
  svgPoints:
  - x: -0.7186867712509921
    y: -0.14704811903065837
  - x: -0.7186867712509921
    y: -0.14704811903065837
  - x: -0.2579547469255613
    y: -0.27009391293420887
  - x: -0.23974615906548372
    y: -0.2976826569057916
  - x: 280.6000061035156
    y: 484.0000114440918
  svgCommands: 0100000004000000040000000400000000000000
  reverse: 0
  offset: 0
--- !u!114 &4193709607926224235
MonoBehaviour:
  m_ObjectHideFlags: 0
  m_CorrespondingSourceObject: {fileID: 0}
  m_PrefabInstance: {fileID: 0}
  m_PrefabAsset: {fileID: 0}
  m_GameObject: {fileID: 8684628145304727156}
  m_Enabled: 1
  m_EditorHideFlags: 0
  m_Script: {fileID: 11500000, guid: 5120595cb07379d488e526d799bc1e6d, type: 3}
  m_Name: 
  m_EditorClassIdentifier: 
  path: {fileID: 9064153519820968795}
  sections:
  - weight: 1
    colors: 01000000
  options:
  - colors:
    - {r: 0.986, g: 0.28298193, b: 0.3266477, a: 1}
  - colors:
    - {r: 0, g: 0, b: 0, a: 1}
  - colors:
    - {r: 1, g: 0.33490568, b: 0.6483952, a: 1}
  brush: {fileID: 2796262365559593231}
  material: {fileID: 2100000, guid: 108036d14a7415f4b95df06c69a79ceb, type: 2}
--- !u!1 &8731351563203913960
GameObject:
  m_ObjectHideFlags: 0
  m_CorrespondingSourceObject: {fileID: 0}
  m_PrefabInstance: {fileID: 0}
  m_PrefabAsset: {fileID: 0}
  serializedVersion: 6
  m_Component:
  - component: {fileID: 8943167665557973870}
  - component: {fileID: 7185187224641619172}
  m_Layer: 0
  m_Name: Path
  m_TagString: Untagged
  m_Icon: {fileID: 0}
  m_NavMeshLayer: 0
  m_StaticEditorFlags: 0
  m_IsActive: 1
--- !u!4 &8943167665557973870
Transform:
  m_ObjectHideFlags: 0
  m_CorrespondingSourceObject: {fileID: 0}
  m_PrefabInstance: {fileID: 0}
  m_PrefabAsset: {fileID: 0}
  m_GameObject: {fileID: 8731351563203913960}
  m_LocalRotation: {x: 0, y: 0, z: 0, w: 1}
  m_LocalPosition: {x: 0, y: 0, z: 0}
  m_LocalScale: {x: 1, y: 1, z: 1}
  m_Children: []
  m_Father: {fileID: 5272669895830664455}
  m_RootOrder: 1
  m_LocalEulerAnglesHint: {x: 0, y: 0, z: 0}
--- !u!114 &7185187224641619172
MonoBehaviour:
  m_ObjectHideFlags: 0
  m_CorrespondingSourceObject: {fileID: 0}
  m_PrefabInstance: {fileID: 0}
  m_PrefabAsset: {fileID: 0}
  m_GameObject: {fileID: 8731351563203913960}
  m_Enabled: 1
  m_EditorHideFlags: 0
  m_Script: {fileID: 11500000, guid: c25f2c3c6d52ab744a70ac080b3e3958, type: 3}
  m_Name: 
  m_EditorClassIdentifier: 
  svgPoints:
  - x: -0.1480549922326003
    y: 0.3964362262840101
  - x: -0.06298402968761094
    y: 0.6101758627813244
  - x: 0.21153031721645887
    y: 0.650846049174242
  - x: 0.3961972053144473
    y: 0.5491099537738142
  - x: 0.6783355075244898
    y: 0.3936746837897388
  - x: 0.725031383051325
    y: 0.014750321250346388
  - x: 0.561741801792252
    y: -0.24338362676281167
  - x: 0.3393050974321885
    y: -0.5950198557577616
  - x: -0.148435569972762
    y: -0.6476941893427476
  - x: -0.4789931958481275
    y: -0.4217998086262992
  - x: -0.9007101752566862
    y: -0.13360864534167582
  - x: -0.9592997703899944
    y: 0.46465785648377944
  - x: -0.6702802466996156
    y: 0.8671768790312366
  - x: -0.3169237762986604
    y: 1.3592986935191926
  - x: 0.3927073592907108
    y: 1.4237715169901728
  - x: 0.8669376533766218
    y: 1.0713353788117064
  - x: 1.4296589243143247
    y: 0.6531350932828814
  - x: 1.5000000000000002
    y: -0.1683347266510161
  - x: 1.0839675338577222
    y: -0.7141242795100382
  - x: 0.6011182251422542
    y: -1.3475704106060609
  - x: -0.3324842750993027
    y: -1.4237715169901728
  - x: -0.9497336097961266
    y: -0.9440250289791392
  - x: -1.218971176057653
    y: -0.7347646860473012
  - x: -1.4128224871273856
    y: -0.43691849474203337
  - x: -1.5000000000000002
    y: -0.1076314854416108
  - x: 78.39859867095947
    y: 127.03336906433105
  svgCommands: 0100000004000000040000000400000004000000040000000400000004000000040000000400000004000000040000000400000004000000040000000400000004000000040000000400000004000000040000000400000004000000040000000400000000000000
  reverse: 0
  offset: 0
--- !u!1001 &5722051285908268471
PrefabInstance:
  m_ObjectHideFlags: 0
  serializedVersion: 2
  m_Modification:
    m_TransformParent: {fileID: 1088291698873450469}
    m_Modifications:
    - target: {fileID: 794801451098536653, guid: e59787b2cde738543a19b0a68286a136,
        type: 3}
      propertyPath: cakeTexture
      value: 
      objectReference: {fileID: 2800000, guid: f10776c0a02f84a4bac402fd17274423, type: 3}
    - target: {fileID: 794801451098536653, guid: e59787b2cde738543a19b0a68286a136,
        type: 3}
      propertyPath: toppingColor.b
      value: 0.68369526
      objectReference: {fileID: 0}
    - target: {fileID: 794801451098536653, guid: e59787b2cde738543a19b0a68286a136,
        type: 3}
      propertyPath: toppingColor.g
      value: 0.8281726
      objectReference: {fileID: 0}
    - target: {fileID: 794801451098536653, guid: e59787b2cde738543a19b0a68286a136,
        type: 3}
      propertyPath: toppingColor.r
      value: 0.8679245
      objectReference: {fileID: 0}
    - target: {fileID: 1341202605574904496, guid: e59787b2cde738543a19b0a68286a136,
        type: 3}
      propertyPath: m_Name
      value: CircleLRounded
      objectReference: {fileID: 0}
    - target: {fileID: 3474564350304943866, guid: e59787b2cde738543a19b0a68286a136,
        type: 3}
      propertyPath: m_RootOrder
      value: 15
      objectReference: {fileID: 0}
    - target: {fileID: 4357451634405699906, guid: e59787b2cde738543a19b0a68286a136,
        type: 3}
      propertyPath: m_RootOrder
      value: 14
      objectReference: {fileID: 0}
    - target: {fileID: 6955690194484411392, guid: e59787b2cde738543a19b0a68286a136,
        type: 3}
      propertyPath: m_RootOrder
      value: 0
      objectReference: {fileID: 0}
    - target: {fileID: 6955690194484411392, guid: e59787b2cde738543a19b0a68286a136,
        type: 3}
      propertyPath: m_LocalEulerAnglesHint.x
      value: 0
      objectReference: {fileID: 0}
    - target: {fileID: 6955690194484411392, guid: e59787b2cde738543a19b0a68286a136,
        type: 3}
      propertyPath: m_LocalEulerAnglesHint.y
      value: 0
      objectReference: {fileID: 0}
    - target: {fileID: 6955690194484411392, guid: e59787b2cde738543a19b0a68286a136,
        type: 3}
      propertyPath: m_LocalEulerAnglesHint.z
      value: 0
      objectReference: {fileID: 0}
    m_RemovedComponents: []
  m_SourcePrefab: {fileID: 100100000, guid: e59787b2cde738543a19b0a68286a136, type: 3}
--- !u!4 &6252837734657705656 stripped
Transform:
  m_CorrespondingSourceObject: {fileID: 1850493022598292239, guid: e59787b2cde738543a19b0a68286a136,
    type: 3}
  m_PrefabInstance: {fileID: 5722051285908268471}
  m_PrefabAsset: {fileID: 0}
--- !u!114 &4931297446502358906 stripped
MonoBehaviour:
  m_CorrespondingSourceObject: {fileID: 794801451098536653, guid: e59787b2cde738543a19b0a68286a136,
    type: 3}
  m_PrefabInstance: {fileID: 5722051285908268471}
  m_PrefabAsset: {fileID: 0}
  m_GameObject: {fileID: 0}
  m_Enabled: 0
  m_EditorHideFlags: 0
  m_Script: {fileID: 11500000, guid: d931adf55ff26eb4dab04b81b53ef544, type: 3}
  m_Name: 
  m_EditorClassIdentifier: 
--- !u!4 &3454080812839344567 stripped
Transform:
  m_CorrespondingSourceObject: {fileID: 6955690194484411392, guid: e59787b2cde738543a19b0a68286a136,
    type: 3}
  m_PrefabInstance: {fileID: 5722051285908268471}
  m_PrefabAsset: {fileID: 0}
