%YAML 1.1
%TAG !u! tag:unity3d.com,2011:
--- !u!1 &245684965053610612
GameObject:
  m_ObjectHideFlags: 0
  m_CorrespondingSourceObject: {fileID: 0}
  m_PrefabInstance: {fileID: 0}
  m_PrefabAsset: {fileID: 0}
  serializedVersion: 6
  m_Component:
  - component: {fileID: 4924797191242528043}
  - component: {fileID: 6551078425683353034}
  - component: {fileID: 3726742168450444320}
  - component: {fileID: 6779715999332756050}
  m_Layer: 8
  m_Name: StrokeManual 4
  m_TagString: Untagged
  m_Icon: {fileID: 0}
  m_NavMeshLayer: 0
  m_StaticEditorFlags: 0
  m_IsActive: 1
--- !u!4 &4924797191242528043
Transform:
  m_ObjectHideFlags: 0
  m_CorrespondingSourceObject: {fileID: 0}
  m_PrefabInstance: {fileID: 0}
  m_PrefabAsset: {fileID: 0}
  m_GameObject: {fileID: 245684965053610612}
  m_LocalRotation: {x: 0, y: 0, z: 0, w: 1}
  m_LocalPosition: {x: 0, y: 0, z: 0}
  m_LocalScale: {x: 1, y: 1, z: 1}
  m_Children: []
  m_Father: {fileID: 4875747061100920615}
  m_RootOrder: 4
  m_LocalEulerAnglesHint: {x: 0, y: 0, z: 0}
--- !u!114 &6551078425683353034
MonoBehaviour:
  m_ObjectHideFlags: 0
  m_CorrespondingSourceObject: {fileID: 0}
  m_PrefabInstance: {fileID: 0}
  m_PrefabAsset: {fileID: 0}
  m_GameObject: {fileID: 245684965053610612}
  m_Enabled: 1
  m_EditorHideFlags: 0
  m_Script: {fileID: 11500000, guid: f6202143f93329f4596fcd4f38f4496e, type: 3}
  m_Name: 
  m_EditorClassIdentifier: 
  tip: {fileID: 4760252478746094373, guid: 0499a74804bbbed4083ca126c34374b8, type: 3}
  size:
    serializedVersion: 2
    m_Curve:
    - serializedVersion: 3
      time: 0
      value: 0.15
      inSlope: 0
      outSlope: 0
      tangentMode: 0
      weightedMode: 3
      inWeight: 0
      outWeight: 0
    - serializedVersion: 3
      time: 1
      value: 0.15
      inSlope: 0
      outSlope: 0
      tangentMode: 0
      weightedMode: 3
      inWeight: 0
      outWeight: 0
    m_PreInfinity: 2
    m_PostInfinity: 2
    m_RotationOrder: 4
  twist: 0
--- !u!114 &3726742168450444320
MonoBehaviour:
  m_ObjectHideFlags: 0
  m_CorrespondingSourceObject: {fileID: 0}
  m_PrefabInstance: {fileID: 0}
  m_PrefabAsset: {fileID: 0}
  m_GameObject: {fileID: 245684965053610612}
  m_Enabled: 1
  m_EditorHideFlags: 0
  m_Script: {fileID: 11500000, guid: c25f2c3c6d52ab744a70ac080b3e3958, type: 3}
  m_Name: 
  m_EditorClassIdentifier: 
  svgPoints:
  - x: 0.8617455603824502
    y: -1.0658009281514105
  - x: 0.8441793247526364
    y: -1.0184068777870727
  - x: 0.7995680417614809
    y: -0.9177923433575208
  - x: 0.6966055535807824
    y: -0.8318743260708151
  - x: 0.6019913716662807
    y: -0.7529132272170646
  - x: 0.5048553130398084
    y: -0.7253464109732514
  - x: 0.45580898003436726
    y: -0.7149110250305175
  - x: 202.60999298095703
    y: 255.4299993515015
  svgCommands: 0100000004000000040000000400000004000000040000000400000000000000
  reverse: 0
  offset: 0
--- !u!114 &6779715999332756050
MonoBehaviour:
  m_ObjectHideFlags: 0
  m_CorrespondingSourceObject: {fileID: 0}
  m_PrefabInstance: {fileID: 0}
  m_PrefabAsset: {fileID: 0}
  m_GameObject: {fileID: 245684965053610612}
  m_Enabled: 1
  m_EditorHideFlags: 0
  m_Script: {fileID: 11500000, guid: 5120595cb07379d488e526d799bc1e6d, type: 3}
  m_Name: 
  m_EditorClassIdentifier: 
  path: {fileID: 3726742168450444320}
  sections:
  - weight: 1
    colors: 00000000
  options:
  - colors:
    - {r: 1, g: 0.14748773, b: 0, a: 1}
  - colors:
    - {r: 0, g: 0.6420536, b: 1, a: 1}
  - colors:
    - {r: 1, g: 0.7372549, b: 0.039215688, a: 1}
  - colors:
    - {r: 0.3882353, g: 0.2509804, b: 0.15686275, a: 1}
  - colors:
    - {r: 0.586988, g: 0, b: 1, a: 1}
  brush: {fileID: 6551078425683353034}
  material: {fileID: 2100000, guid: 108036d14a7415f4b95df06c69a79ceb, type: 2}
--- !u!1 &344387744551511315
GameObject:
  m_ObjectHideFlags: 0
  m_CorrespondingSourceObject: {fileID: 0}
  m_PrefabInstance: {fileID: 0}
  m_PrefabAsset: {fileID: 0}
  serializedVersion: 6
  m_Component:
  - component: {fileID: 807297420116807903}
  - component: {fileID: 2390637221166407935}
  - component: {fileID: 6498691156457515701}
  - component: {fileID: 2219214426754597426}
  m_Layer: 8
  m_Name: StrokeManual 6
  m_TagString: Untagged
  m_Icon: {fileID: 0}
  m_NavMeshLayer: 0
  m_StaticEditorFlags: 0
  m_IsActive: 1
--- !u!4 &807297420116807903
Transform:
  m_ObjectHideFlags: 0
  m_CorrespondingSourceObject: {fileID: 0}
  m_PrefabInstance: {fileID: 0}
  m_PrefabAsset: {fileID: 0}
  m_GameObject: {fileID: 344387744551511315}
  m_LocalRotation: {x: 0, y: 0, z: 0, w: 1}
  m_LocalPosition: {x: 0, y: 0, z: 0}
  m_LocalScale: {x: 1, y: 1, z: 1}
  m_Children: []
  m_Father: {fileID: 4875747061100920615}
  m_RootOrder: 6
  m_LocalEulerAnglesHint: {x: 0, y: 0, z: 0}
--- !u!114 &2390637221166407935
MonoBehaviour:
  m_ObjectHideFlags: 0
  m_CorrespondingSourceObject: {fileID: 0}
  m_PrefabInstance: {fileID: 0}
  m_PrefabAsset: {fileID: 0}
  m_GameObject: {fileID: 344387744551511315}
  m_Enabled: 1
  m_EditorHideFlags: 0
  m_Script: {fileID: 11500000, guid: f6202143f93329f4596fcd4f38f4496e, type: 3}
  m_Name: 
  m_EditorClassIdentifier: 
  tip: {fileID: 4760252478746094373, guid: 0499a74804bbbed4083ca126c34374b8, type: 3}
  size:
    serializedVersion: 2
    m_Curve:
    - serializedVersion: 3
      time: 0
      value: 0.12338868
      inSlope: 0
      outSlope: 0
      tangentMode: 0
      weightedMode: 3
      inWeight: 0
      outWeight: 0
    - serializedVersion: 3
      time: 1
      value: 0.12338868
      inSlope: 0
      outSlope: 0
      tangentMode: 0
      weightedMode: 3
      inWeight: 0
      outWeight: 0
    m_PreInfinity: 2
    m_PostInfinity: 2
    m_RotationOrder: 4
  twist: 0
--- !u!114 &6498691156457515701
MonoBehaviour:
  m_ObjectHideFlags: 0
  m_CorrespondingSourceObject: {fileID: 0}
  m_PrefabInstance: {fileID: 0}
  m_PrefabAsset: {fileID: 0}
  m_GameObject: {fileID: 344387744551511315}
  m_Enabled: 1
  m_EditorHideFlags: 0
  m_Script: {fileID: 11500000, guid: c25f2c3c6d52ab744a70ac080b3e3958, type: 3}
  m_Name: 
  m_EditorClassIdentifier: 
  svgPoints:
  - x: 0.5314655799523184
    y: -0.08878771089377079
  - x: 0.5985129456230068
    y: -0.16131365605038725
  - x: 0.6199054905375966
    y: -0.2651457673285061
  - x: 0.5865122488862077
    y: -0.35715110068399913
  - x: 0.5516406599944904
    y: -0.4534175486530025
  - x: 0.4625920211196539
    y: -0.5208997237990759
  - x: 0.35945560168483054
    y: -0.5291610789514869
  - x: 191.52999687194824
    y: 234.06999397277832
  svgCommands: 0100000004000000040000000400000004000000040000000400000000000000
  reverse: 0
  offset: 0
--- !u!114 &2219214426754597426
MonoBehaviour:
  m_ObjectHideFlags: 0
  m_CorrespondingSourceObject: {fileID: 0}
  m_PrefabInstance: {fileID: 0}
  m_PrefabAsset: {fileID: 0}
  m_GameObject: {fileID: 344387744551511315}
  m_Enabled: 1
  m_EditorHideFlags: 0
  m_Script: {fileID: 11500000, guid: 5120595cb07379d488e526d799bc1e6d, type: 3}
  m_Name: 
  m_EditorClassIdentifier: 
  path: {fileID: 6498691156457515701}
  sections:
  - weight: 1
    colors: 01000000
  options:
  - colors:
    - {r: 1, g: 0.14748773, b: 0, a: 1}
  - colors:
    - {r: 0, g: 0.6420536, b: 1, a: 1}
  - colors:
    - {r: 1, g: 0.7372549, b: 0.039215688, a: 1}
  - colors:
    - {r: 0.3882353, g: 0.2509804, b: 0.15686275, a: 1}
  - colors:
    - {r: 0.586988, g: 0, b: 1, a: 1}
  brush: {fileID: 2390637221166407935}
  material: {fileID: 2100000, guid: 108036d14a7415f4b95df06c69a79ceb, type: 2}
--- !u!1 &432364992212484760
GameObject:
  m_ObjectHideFlags: 0
  m_CorrespondingSourceObject: {fileID: 0}
  m_PrefabInstance: {fileID: 0}
  m_PrefabAsset: {fileID: 0}
  serializedVersion: 6
  m_Component:
  - component: {fileID: 3360201814841766544}
  - component: {fileID: 7245306779820714725}
  m_Layer: 0
  m_Name: c2_thang_032
  m_TagString: Untagged
  m_Icon: {fileID: 0}
  m_NavMeshLayer: 0
  m_StaticEditorFlags: 0
  m_IsActive: 1
--- !u!4 &3360201814841766544
Transform:
  m_ObjectHideFlags: 0
  m_CorrespondingSourceObject: {fileID: 0}
  m_PrefabInstance: {fileID: 0}
  m_PrefabAsset: {fileID: 0}
  m_GameObject: {fileID: 432364992212484760}
  m_LocalRotation: {x: 0, y: 0, z: 0, w: 1}
  m_LocalPosition: {x: 0, y: 0, z: 0}
  m_LocalScale: {x: 1, y: 1, z: 1}
  m_Children:
  - {fileID: 4216482944983064616}
  - {fileID: 3971676505128702743}
  - {fileID: 1582965276528018826}
  m_Father: {fileID: 0}
  m_RootOrder: 0
  m_LocalEulerAnglesHint: {x: 0, y: 0, z: 0}
--- !u!114 &7245306779820714725
MonoBehaviour:
  m_ObjectHideFlags: 0
  m_CorrespondingSourceObject: {fileID: 0}
  m_PrefabInstance: {fileID: 0}
  m_PrefabAsset: {fileID: 0}
  m_GameObject: {fileID: 432364992212484760}
  m_Enabled: 1
  m_EditorHideFlags: 0
  m_Script: {fileID: 11500000, guid: f522867c3f9eb3e4bb325c968c25314e, type: 3}
  m_Name: 
  m_EditorClassIdentifier: 
  layers:
  - {fileID: 5837742855085172453}
  backgroundColor: {r: 0, g: 0.5, b: 0.5, a: 1}
  glitterStroke: 0
  glitterCake: 0
  newPreview: 0
  strokeRate: 0.5
  sprinkleRate: 0.5
  diskColor: {r: 1, g: 0.6745283, b: 0.8372642, a: 1}
  type: 0
  previewCameraTransform: {fileID: 1582965276528018826}
  previewCameraSize: 1.9
  previewCameraSizeForSelection: 2.2
  finishCameraTransform: {fileID: 3971676505128702743}
  previewScale: 1
  specialStroke: 0
  specialFill: 0
--- !u!1 &1429605822010010312
GameObject:
  m_ObjectHideFlags: 0
  m_CorrespondingSourceObject: {fileID: 0}
  m_PrefabInstance: {fileID: 0}
  m_PrefabAsset: {fileID: 0}
  serializedVersion: 6
  m_Component:
  - component: {fileID: 6630892460663969575}
  - component: {fileID: 1129528961161433513}
  - component: {fileID: 789870471942003646}
  - component: {fileID: 2367202064040315445}
  m_Layer: 8
  m_Name: StrokeManual 2
  m_TagString: Untagged
  m_Icon: {fileID: 0}
  m_NavMeshLayer: 0
  m_StaticEditorFlags: 0
  m_IsActive: 1
--- !u!4 &6630892460663969575
Transform:
  m_ObjectHideFlags: 0
  m_CorrespondingSourceObject: {fileID: 0}
  m_PrefabInstance: {fileID: 0}
  m_PrefabAsset: {fileID: 0}
  m_GameObject: {fileID: 1429605822010010312}
  m_LocalRotation: {x: 0, y: 0, z: 0, w: 1}
  m_LocalPosition: {x: 0, y: 0, z: 0}
  m_LocalScale: {x: 1, y: 1, z: 1}
  m_Children: []
  m_Father: {fileID: 4875747061100920615}
  m_RootOrder: 2
  m_LocalEulerAnglesHint: {x: 0, y: 0, z: 0}
--- !u!114 &1129528961161433513
MonoBehaviour:
  m_ObjectHideFlags: 0
  m_CorrespondingSourceObject: {fileID: 0}
  m_PrefabInstance: {fileID: 0}
  m_PrefabAsset: {fileID: 0}
  m_GameObject: {fileID: 1429605822010010312}
  m_Enabled: 1
  m_EditorHideFlags: 0
  m_Script: {fileID: 11500000, guid: f6202143f93329f4596fcd4f38f4496e, type: 3}
  m_Name: 
  m_EditorClassIdentifier: 
  tip: {fileID: 4760252478746094373, guid: 0499a74804bbbed4083ca126c34374b8, type: 3}
  size:
    serializedVersion: 2
    m_Curve:
    - serializedVersion: 3
      time: 0
      value: 0.15
      inSlope: 0
      outSlope: 0
      tangentMode: 0
      weightedMode: 3
      inWeight: 0
      outWeight: 0
    - serializedVersion: 3
      time: 1
      value: 0.15
      inSlope: 0
      outSlope: 0
      tangentMode: 0
      weightedMode: 3
      inWeight: 0
      outWeight: 0
    m_PreInfinity: 2
    m_PostInfinity: 2
    m_RotationOrder: 4
  twist: 0
--- !u!114 &789870471942003646
MonoBehaviour:
  m_ObjectHideFlags: 0
  m_CorrespondingSourceObject: {fileID: 0}
  m_PrefabInstance: {fileID: 0}
  m_PrefabAsset: {fileID: 0}
  m_GameObject: {fileID: 1429605822010010312}
  m_Enabled: 1
  m_EditorHideFlags: 0
  m_Script: {fileID: 11500000, guid: c25f2c3c6d52ab744a70ac080b3e3958, type: 3}
  m_Name: 
  m_EditorClassIdentifier: 
  svgPoints:
  - x: -0.6588642752286507
    y: 0.13826880361479113
  - x: -0.42267667051069463
    y: 0.05113331316236677
  - x: -0.1864020856523995
    y: -0.0360021772900576
  - x: 0.04978548589235284
    y: -0.12322461470961724
  - x: 0.2859730906103089
    y: -0.04522009006707282
  - x: 0.5222476754686041
    y: 0.03269747102173443
  - x: 0.7584352470133564
    y: 0.1107019873709779
  - x: 237.40999603271484
    y: 160.4900074005127
  svgCommands: 0100000004000000040000000400000004000000040000000400000000000000
  reverse: 0
  offset: 0
--- !u!114 &2367202064040315445
MonoBehaviour:
  m_ObjectHideFlags: 0
  m_CorrespondingSourceObject: {fileID: 0}
  m_PrefabInstance: {fileID: 0}
  m_PrefabAsset: {fileID: 0}
  m_GameObject: {fileID: 1429605822010010312}
  m_Enabled: 1
  m_EditorHideFlags: 0
  m_Script: {fileID: 11500000, guid: 5120595cb07379d488e526d799bc1e6d, type: 3}
  m_Name: 
  m_EditorClassIdentifier: 
  path: {fileID: 789870471942003646}
  sections:
  - weight: 1
    colors: 04000000
  options:
  - colors:
    - {r: 1, g: 0.14748773, b: 0, a: 1}
  - colors:
    - {r: 0, g: 0.6420536, b: 1, a: 1}
  - colors:
    - {r: 1, g: 0.7372549, b: 0.039215688, a: 1}
  - colors:
    - {r: 0.3882353, g: 0.2509804, b: 0.15686275, a: 1}
  - colors:
    - {r: 0.586988, g: 0, b: 1, a: 1}
  brush: {fileID: 1129528961161433513}
  material: {fileID: 2100000, guid: 108036d14a7415f4b95df06c69a79ceb, type: 2}
--- !u!1 &1432284039058422418
GameObject:
  m_ObjectHideFlags: 0
  m_CorrespondingSourceObject: {fileID: 0}
  m_PrefabInstance: {fileID: 0}
  m_PrefabAsset: {fileID: 0}
  serializedVersion: 6
  m_Component:
  - component: {fileID: 5429568886527333633}
  m_Layer: 8
  m_Name: Options
  m_TagString: Untagged
  m_Icon: {fileID: 0}
  m_NavMeshLayer: 0
  m_StaticEditorFlags: 0
  m_IsActive: 1
--- !u!4 &5429568886527333633
Transform:
  m_ObjectHideFlags: 0
  m_CorrespondingSourceObject: {fileID: 0}
  m_PrefabInstance: {fileID: 0}
  m_PrefabAsset: {fileID: 0}
  m_GameObject: {fileID: 1432284039058422418}
  m_LocalRotation: {x: 0, y: 0, z: 0, w: 1}
  m_LocalPosition: {x: 0, y: 0, z: 0}
  m_LocalScale: {x: 1, y: 1, z: 1}
  m_Children:
  - {fileID: 7466889756625120012}
  - {fileID: 5048216246246065039}
  - {fileID: 8090701432912152450}
  - {fileID: 4774115544115360743}
  - {fileID: 8530282743834336242}
  m_Father: {fileID: 2512603518378702632}
  m_RootOrder: 0
  m_LocalEulerAnglesHint: {x: 0, y: 0, z: 0}
--- !u!1 &1882001286817027228
GameObject:
  m_ObjectHideFlags: 0
  m_CorrespondingSourceObject: {fileID: 0}
  m_PrefabInstance: {fileID: 0}
  m_PrefabAsset: {fileID: 0}
  serializedVersion: 6
  m_Component:
  - component: {fileID: 5638773911862959199}
  - component: {fileID: 7430268277318144246}
  - component: {fileID: 2341320442522826457}
  - component: {fileID: 2442746503820456534}
  m_Layer: 8
  m_Name: StrokeManual 1
  m_TagString: Untagged
  m_Icon: {fileID: 0}
  m_NavMeshLayer: 0
  m_StaticEditorFlags: 0
  m_IsActive: 1
--- !u!4 &5638773911862959199
Transform:
  m_ObjectHideFlags: 0
  m_CorrespondingSourceObject: {fileID: 0}
  m_PrefabInstance: {fileID: 0}
  m_PrefabAsset: {fileID: 0}
  m_GameObject: {fileID: 1882001286817027228}
  m_LocalRotation: {x: 0, y: 0, z: 0, w: 1}
  m_LocalPosition: {x: 0, y: 0, z: 0}
  m_LocalScale: {x: 1, y: 1, z: 1}
  m_Children: []
  m_Father: {fileID: 4875747061100920615}
  m_RootOrder: 1
  m_LocalEulerAnglesHint: {x: 0, y: 0, z: 0}
--- !u!114 &7430268277318144246
MonoBehaviour:
  m_ObjectHideFlags: 0
  m_CorrespondingSourceObject: {fileID: 0}
  m_PrefabInstance: {fileID: 0}
  m_PrefabAsset: {fileID: 0}
  m_GameObject: {fileID: 1882001286817027228}
  m_Enabled: 1
  m_EditorHideFlags: 0
  m_Script: {fileID: 11500000, guid: f6202143f93329f4596fcd4f38f4496e, type: 3}
  m_Name: 
  m_EditorClassIdentifier: 
  tip: {fileID: 4760252478746094373, guid: 0499a74804bbbed4083ca126c34374b8, type: 3}
  size:
    serializedVersion: 2
    m_Curve:
    - serializedVersion: 3
      time: 0
      value: 0.15
      inSlope: 0
      outSlope: 0
      tangentMode: 0
      weightedMode: 3
      inWeight: 0
      outWeight: 0
    - serializedVersion: 3
      time: 1
      value: 0.15
      inSlope: 0
      outSlope: 0
      tangentMode: 0
      weightedMode: 3
      inWeight: 0
      outWeight: 0
    m_PreInfinity: 2
    m_PostInfinity: 2
    m_RotationOrder: 4
  twist: 0
--- !u!114 &2341320442522826457
MonoBehaviour:
  m_ObjectHideFlags: 0
  m_CorrespondingSourceObject: {fileID: 0}
  m_PrefabInstance: {fileID: 0}
  m_PrefabAsset: {fileID: 0}
  m_GameObject: {fileID: 1882001286817027228}
  m_Enabled: 1
  m_EditorHideFlags: 0
  m_Script: {fileID: 11500000, guid: c25f2c3c6d52ab744a70ac080b3e3958, type: 3}
  m_Name: 
  m_EditorClassIdentifier: 
  svgPoints:
  - x: -0.19788100936007655
    y: 0.9295321162599048
  - x: -0.3144964976519302
    y: 0.8941387626323664
  - x: -0.8472230201068842
    y: 0.7190851595036888
  - x: -1.1061075981655848
    y: 0.18644558401586997
  - x: -1.1661110777029304
    y: 0.0629601657247011
  - x: -1.3455997515791465
    y: -0.306365579536824
  - x: -1.1955910465158064
    y: -0.6942141387860195
  - x: -1.0239289224632673
    y: -1.1378050588124
  - x: -0.5475535056616583
    y: -1.279291526355418
  - x: -0.3630210576282492
    y: -1.3340773378012996
  - x: -0.2731897633563799
    y: -1.360774537167668
  - x: 0.2269261562576161
    y: -1.5
  - x: 0.7172154928581451
    y: -1.244593889451078
  - x: 0.8185257108376915
    y: -1.1918082190078991
  - x: 0.9845353365901292
    y: -1.1028465478334502
  - x: 1.116282101740408
    y: -0.9143138758477424
  - x: 1.3455997515791465
    y: -0.5861209211876913
  - x: 1.2889008082974545
    y: -0.21688216435980623
  - x: 1.274552153662858
    y: -0.12305062954903626
  - x: 1.2030697462711848
    y: 0.3427155156688694
  - x: 0.8459185999740304
    y: 0.6210794653398447
  - x: 0.6828656687022491
    y: 0.7507391881334408
  - x: 0.6037306427410242
    y: 0.8136993580047924
  - x: 0.5328569719322104
    y: 0.8590063328392433
  - x: 0.48328887419094807
    y: 0.8883123786912954
  - x: 0.4723317172924174
    y: 0.9367499709672268
  - x: 0.41319785048586594
    y: 1.173807207075904
  - x: 0.18057566024482372
    y: 1.3218157586965897
  - x: 0.02908861623445673
    y: 1.4181691702193304
  - x: -0.2009247088609749
    y: 1.5
  - x: -0.25979769122629054
    y: 1.4250391333918493
  - x: -0.30936578067425186
    y: 1.3619050364130236
  - x: -0.21988233232403032
    y: 1.2109397571384777
  - x: -0.170314242876069
    y: 1.1360658623773647
  - x: -0.20144648189009703
    y: 1.15658879041451
  - x: -0.3525856716855153
    y: 1.2512899338094237
  - x: -0.5349440806353007
    y: 1.2048524576562925
  - x: -0.6239927195101372
    y: 1.1821554905355234
  - x: -0.7549568292633835
    y: 1.1170212753605722
  - x: -0.7482608014916398
    y: 1.0603223320788804
  - x: -0.7425213230511993
    y: 1.012058654470472
  - x: -0.6359064278132965
    y: 0.9577946243470136
  - x: -0.19788100936007655
    y: 0.9295321162599048
  - x: 0
    y: 0
  - x: 0
    y: 0
  svgCommands: 010000000400000004000000040000000400000004000000040000000400000004000000040000000400000004000000040000000400000004000000040000000400000004000000040000000400000004000000040000000400000004000000040000000400000004000000040000000400000004000000040000000400000004000000040000000400000004000000040000000400000004000000040000000400000004000000040000004f00000000000000
  reverse: 0
  offset: 0
--- !u!114 &2442746503820456534
MonoBehaviour:
  m_ObjectHideFlags: 0
  m_CorrespondingSourceObject: {fileID: 0}
  m_PrefabInstance: {fileID: 0}
  m_PrefabAsset: {fileID: 0}
  m_GameObject: {fileID: 1882001286817027228}
  m_Enabled: 1
  m_EditorHideFlags: 0
  m_Script: {fileID: 11500000, guid: 5120595cb07379d488e526d799bc1e6d, type: 3}
  m_Name: 
  m_EditorClassIdentifier: 
  path: {fileID: 2341320442522826457}
  sections:
  - weight: 1
    colors: 00000000
  options:
  - colors:
    - {r: 1, g: 0.14748773, b: 0, a: 1}
  - colors:
    - {r: 0, g: 0.6420536, b: 1, a: 1}
  - colors:
    - {r: 1, g: 0.7372549, b: 0.039215688, a: 1}
  - colors:
    - {r: 0.3882353, g: 0.2509804, b: 0.15686275, a: 1}
  - colors:
    - {r: 0.586988, g: 0, b: 1, a: 1}
  brush: {fileID: 7430268277318144246}
  material: {fileID: 2100000, guid: 108036d14a7415f4b95df06c69a79ceb, type: 2}
--- !u!1 &2345453443075200774
GameObject:
  m_ObjectHideFlags: 0
  m_CorrespondingSourceObject: {fileID: 0}
  m_PrefabInstance: {fileID: 0}
  m_PrefabAsset: {fileID: 0}
  serializedVersion: 6
  m_Component:
  - component: {fileID: 2512603518378702632}
  - component: {fileID: 1340570532681580982}
  m_Layer: 8
  m_Name: Sprinkles Manual
  m_TagString: Untagged
  m_Icon: {fileID: 0}
  m_NavMeshLayer: 0
  m_StaticEditorFlags: 0
  m_IsActive: 1
--- !u!4 &2512603518378702632
Transform:
  m_ObjectHideFlags: 0
  m_CorrespondingSourceObject: {fileID: 0}
  m_PrefabInstance: {fileID: 0}
  m_PrefabAsset: {fileID: 0}
  m_GameObject: {fileID: 2345453443075200774}
  m_LocalRotation: {x: 0, y: 0, z: 0, w: 1}
  m_LocalPosition: {x: 0, y: 0, z: 0}
  m_LocalScale: {x: 1, y: 1, z: 1}
  m_Children:
  - {fileID: 5429568886527333633}
  - {fileID: 2425929693263327577}
  m_Father: {fileID: 4875747061100920615}
  m_RootOrder: 11
  m_LocalEulerAnglesHint: {x: 0, y: 0, z: 0}
--- !u!114 &1340570532681580982
MonoBehaviour:
  m_ObjectHideFlags: 0
  m_CorrespondingSourceObject: {fileID: 0}
  m_PrefabInstance: {fileID: 0}
  m_PrefabAsset: {fileID: 0}
  m_GameObject: {fileID: 2345453443075200774}
  m_Enabled: 1
  m_EditorHideFlags: 0
  m_Script: {fileID: 11500000, guid: 2179359cc2a883a438dca2c78b5c9308, type: 3}
  m_Name: 
  m_EditorClassIdentifier: 
  paths:
  - path: {fileID: 4381793064234201855}
    sections:
    - weight: 1
      options: 00000000
    magnet: 0
  options:
  - {fileID: 6274254793633886332}
  physicsEnabled: 1
  bonus: 0
--- !u!1 &2686382903066615197
GameObject:
  m_ObjectHideFlags: 0
  m_CorrespondingSourceObject: {fileID: 0}
  m_PrefabInstance: {fileID: 0}
  m_PrefabAsset: {fileID: 0}
  serializedVersion: 6
  m_Component:
  - component: {fileID: 4619035781588714279}
  - component: {fileID: 6824530249221020191}
  - component: {fileID: 6972656984873810037}
  - component: {fileID: 6304737308405906263}
  m_Layer: 8
  m_Name: StrokeManual 10
  m_TagString: Untagged
  m_Icon: {fileID: 0}
  m_NavMeshLayer: 0
  m_StaticEditorFlags: 0
  m_IsActive: 1
--- !u!4 &4619035781588714279
Transform:
  m_ObjectHideFlags: 0
  m_CorrespondingSourceObject: {fileID: 0}
  m_PrefabInstance: {fileID: 0}
  m_PrefabAsset: {fileID: 0}
  m_GameObject: {fileID: 2686382903066615197}
  m_LocalRotation: {x: 0, y: 0, z: 0, w: 1}
  m_LocalPosition: {x: 0, y: 0, z: 0}
  m_LocalScale: {x: 1, y: 1, z: 1}
  m_Children: []
  m_Father: {fileID: 4875747061100920615}
  m_RootOrder: 10
  m_LocalEulerAnglesHint: {x: 0, y: 0, z: 0}
--- !u!114 &6824530249221020191
MonoBehaviour:
  m_ObjectHideFlags: 0
  m_CorrespondingSourceObject: {fileID: 0}
  m_PrefabInstance: {fileID: 0}
  m_PrefabAsset: {fileID: 0}
  m_GameObject: {fileID: 2686382903066615197}
  m_Enabled: 1
  m_EditorHideFlags: 0
  m_Script: {fileID: 11500000, guid: f6202143f93329f4596fcd4f38f4496e, type: 3}
  m_Name: 
  m_EditorClassIdentifier: 
  tip: {fileID: 4760252478746094373, guid: 0499a74804bbbed4083ca126c34374b8, type: 3}
  size:
    serializedVersion: 2
    m_Curve:
    - serializedVersion: 3
      time: 0
      value: 0.15
      inSlope: 0
      outSlope: 0
      tangentMode: 0
      weightedMode: 3
      inWeight: 0
      outWeight: 0
    - serializedVersion: 3
      time: 1
      value: 0.15
      inSlope: 0
      outSlope: 0
      tangentMode: 0
      weightedMode: 3
      inWeight: 0
      outWeight: 0
    m_PreInfinity: 2
    m_PostInfinity: 2
    m_RotationOrder: 4
  twist: 0
--- !u!114 &6972656984873810037
MonoBehaviour:
  m_ObjectHideFlags: 0
  m_CorrespondingSourceObject: {fileID: 0}
  m_PrefabInstance: {fileID: 0}
  m_PrefabAsset: {fileID: 0}
  m_GameObject: {fileID: 2686382903066615197}
  m_Enabled: 1
  m_EditorHideFlags: 0
  m_Script: {fileID: 11500000, guid: c25f2c3c6d52ab744a70ac080b3e3958, type: 3}
  m_Name: 
  m_EditorClassIdentifier: 
  svgPoints:
  - x: 0.19092406604721848
    y: -0.27453761550629663
  - x: 0.2333613099547502
    y: -0.260797688124596
  - x: 0.2757985538622819
    y: -0.24705776074289537
  - x: 0.3182357977698137
    y: -0.23323087291744535
  - x: 186.78999423980713
    y: 200.0399932861328
  svgCommands: 0100000004000000040000000400000000000000
  reverse: 0
  offset: 0
--- !u!114 &6304737308405906263
MonoBehaviour:
  m_ObjectHideFlags: 0
  m_CorrespondingSourceObject: {fileID: 0}
  m_PrefabInstance: {fileID: 0}
  m_PrefabAsset: {fileID: 0}
  m_GameObject: {fileID: 2686382903066615197}
  m_Enabled: 1
  m_EditorHideFlags: 0
  m_Script: {fileID: 11500000, guid: 5120595cb07379d488e526d799bc1e6d, type: 3}
  m_Name: 
  m_EditorClassIdentifier: 
  path: {fileID: 6972656984873810037}
  sections:
  - weight: 1
    colors: 03000000
  options:
  - colors:
    - {r: 1, g: 0.14748773, b: 0, a: 1}
  - colors:
    - {r: 0, g: 0.6420536, b: 1, a: 1}
  - colors:
    - {r: 1, g: 0.7372549, b: 0.039215688, a: 1}
  - colors:
    - {r: 0.3882353, g: 0.2509804, b: 0.15686275, a: 1}
  - colors:
    - {r: 0.586988, g: 0, b: 1, a: 1}
  brush: {fileID: 6824530249221020191}
  material: {fileID: 2100000, guid: 108036d14a7415f4b95df06c69a79ceb, type: 2}
--- !u!1 &3190503402662648784
GameObject:
  m_ObjectHideFlags: 0
  m_CorrespondingSourceObject: {fileID: 0}
  m_PrefabInstance: {fileID: 0}
  m_PrefabAsset: {fileID: 0}
  serializedVersion: 6
  m_Component:
  - component: {fileID: 5639042292260484454}
  - component: {fileID: 7972640708356236547}
  - component: {fileID: 7832603582395409397}
  - component: {fileID: 2341301385592390583}
  m_Layer: 8
  m_Name: StrokeManual 7
  m_TagString: Untagged
  m_Icon: {fileID: 0}
  m_NavMeshLayer: 0
  m_StaticEditorFlags: 0
  m_IsActive: 1
--- !u!4 &5639042292260484454
Transform:
  m_ObjectHideFlags: 0
  m_CorrespondingSourceObject: {fileID: 0}
  m_PrefabInstance: {fileID: 0}
  m_PrefabAsset: {fileID: 0}
  m_GameObject: {fileID: 3190503402662648784}
  m_LocalRotation: {x: 0, y: 0, z: 0, w: 1}
  m_LocalPosition: {x: 0, y: 0, z: 0}
  m_LocalScale: {x: 1, y: 1, z: 1}
  m_Children: []
  m_Father: {fileID: 4875747061100920615}
  m_RootOrder: 7
  m_LocalEulerAnglesHint: {x: 0, y: 0, z: 0}
--- !u!114 &7972640708356236547
MonoBehaviour:
  m_ObjectHideFlags: 0
  m_CorrespondingSourceObject: {fileID: 0}
  m_PrefabInstance: {fileID: 0}
  m_PrefabAsset: {fileID: 0}
  m_GameObject: {fileID: 3190503402662648784}
  m_Enabled: 1
  m_EditorHideFlags: 0
  m_Script: {fileID: 11500000, guid: f6202143f93329f4596fcd4f38f4496e, type: 3}
  m_Name: 
  m_EditorClassIdentifier: 
  tip: {fileID: 4760252478746094373, guid: 0499a74804bbbed4083ca126c34374b8, type: 3}
  size:
    serializedVersion: 2
    m_Curve:
    - serializedVersion: 3
      time: 0
      value: 0.15
      inSlope: 0
      outSlope: 0
      tangentMode: 0
      weightedMode: 3
      inWeight: 0
      outWeight: 0
    - serializedVersion: 3
      time: 1
      value: 0.15
      inSlope: 0
      outSlope: 0
      tangentMode: 0
      weightedMode: 3
      inWeight: 0
      outWeight: 0
    m_PreInfinity: 2
    m_PostInfinity: 2
    m_RotationOrder: 4
  twist: 0
--- !u!114 &7832603582395409397
MonoBehaviour:
  m_ObjectHideFlags: 0
  m_CorrespondingSourceObject: {fileID: 0}
  m_PrefabInstance: {fileID: 0}
  m_PrefabAsset: {fileID: 0}
  m_GameObject: {fileID: 3190503402662648784}
  m_Enabled: 1
  m_EditorHideFlags: 0
  m_Script: {fileID: 11500000, guid: c25f2c3c6d52ab744a70ac080b3e3958, type: 3}
  m_Name: 
  m_EditorClassIdentifier: 
  svgPoints:
  - x: -0.3423241713837511
    y: -0.7080410618579985
  - x: -0.3527595593998102
    y: -0.6521247781199898
  - x: -0.2911907711417244
    y: -0.5971650685931872
  - x: -0.18405411946130135
    y: -0.5015943124674794
  - x: -0.0836135121392239
    y: -0.4119369370097835
  - x: -0.03334973084796705
    y: -0.3671517352044547
  - x: 0.04300252774007574
    y: -0.3640211219096248
  - x: 0.1496174063913767
    y: -0.3595860822619653
  - x: 0.22883939590633876
    y: -0.4394167979931605
  - x: 0.290669056165709
    y: -0.5015943124674794
  - x: 0.3466723034574548
    y: -0.557945405680873
  - x: 0.4491999821627684
    y: -0.661168784522783
  - x: 0.4213722835510445
    y: -0.7423908860138945
  - x: 0.38363096373240807
    y: -0.8524842238816731
  - x: 0.13179028424700173
    y: -0.8471795715032194
  - x: 0.05674244579181282
    y: -0.845614260709154
  - x: -0.0670908764741104
    y: -0.8430054453233492
  - x: -0.32284479977147645
    y: -0.8123950705647537
  - x: -0.3423241713837511
    y: -0.7080410618579985
  - x: 0
    y: 0
  - x: 0
    y: 0
  svgCommands: 010000000400000004000000040000000400000004000000040000000400000004000000040000000400000004000000040000000400000004000000040000000400000004000000040000004f00000000000000
  reverse: 0
  offset: 0
--- !u!114 &2341301385592390583
MonoBehaviour:
  m_ObjectHideFlags: 0
  m_CorrespondingSourceObject: {fileID: 0}
  m_PrefabInstance: {fileID: 0}
  m_PrefabAsset: {fileID: 0}
  m_GameObject: {fileID: 3190503402662648784}
  m_Enabled: 1
  m_EditorHideFlags: 0
  m_Script: {fileID: 11500000, guid: 5120595cb07379d488e526d799bc1e6d, type: 3}
  m_Name: 
  m_EditorClassIdentifier: 
  path: {fileID: 7832603582395409397}
  sections:
  - weight: 1
    colors: 02000000
  options:
  - colors:
    - {r: 1, g: 0.14748773, b: 0, a: 1}
  - colors:
    - {r: 0, g: 0.6420536, b: 1, a: 1}
  - colors:
    - {r: 1, g: 0.7372549, b: 0.039215688, a: 1}
  - colors:
    - {r: 0.3882353, g: 0.2509804, b: 0.15686275, a: 1}
  - colors:
    - {r: 0.586988, g: 0, b: 1, a: 1}
  brush: {fileID: 7972640708356236547}
  material: {fileID: 2100000, guid: 108036d14a7415f4b95df06c69a79ceb, type: 2}
--- !u!1 &3254760524838640288
GameObject:
  m_ObjectHideFlags: 0
  m_CorrespondingSourceObject: {fileID: 0}
  m_PrefabInstance: {fileID: 0}
  m_PrefabAsset: {fileID: 0}
  serializedVersion: 6
  m_Component:
  - component: {fileID: 2425929693263327577}
  - component: {fileID: 4381793064234201855}
  m_Layer: 0
  m_Name: Path
  m_TagString: Untagged
  m_Icon: {fileID: 0}
  m_NavMeshLayer: 0
  m_StaticEditorFlags: 0
  m_IsActive: 1
--- !u!4 &2425929693263327577
Transform:
  m_ObjectHideFlags: 0
  m_CorrespondingSourceObject: {fileID: 0}
  m_PrefabInstance: {fileID: 0}
  m_PrefabAsset: {fileID: 0}
  m_GameObject: {fileID: 3254760524838640288}
  m_LocalRotation: {x: 0, y: 0, z: 0, w: 1}
  m_LocalPosition: {x: 0, y: 0, z: 0}
  m_LocalScale: {x: 1, y: 1, z: 1}
  m_Children: []
  m_Father: {fileID: 2512603518378702632}
  m_RootOrder: 1
  m_LocalEulerAnglesHint: {x: 0, y: 0, z: 0}
--- !u!114 &4381793064234201855
MonoBehaviour:
  m_ObjectHideFlags: 0
  m_CorrespondingSourceObject: {fileID: 0}
  m_PrefabInstance: {fileID: 0}
  m_PrefabAsset: {fileID: 0}
  m_GameObject: {fileID: 3254760524838640288}
  m_Enabled: 1
  m_EditorHideFlags: 0
  m_Script: {fileID: 11500000, guid: c25f2c3c6d52ab744a70ac080b3e3958, type: 3}
  m_Name: 
  m_EditorClassIdentifier: 
  svgPoints:
  - x: 1.5
    y: -0
  - x: 1.4972633313349768
    y: -0.09056774613342922
  - x: 1.4890633111470812
    y: -0.18080502038298452
  - x: 1.475429860420715
    y: -0.2703825567208586
  - x: 1.4564127261390778
    y: -0.35897349643133675
  - x: 1.4320812997628185
    y: -0.4462545807828044
  - x: 1.4025243640281226
    y: -0.5319073305638036
  - x: 1.367849768988135
    y: -0.6156192081791352
  - x: 1.3281840384798147
    y: -0.6970847580656528
  - x: 1.2836719084521715
    y: -0.7760067212664854
  - x: 1.2344757988404849
    y: -0.8520971200967337
  - x: 1.1807752209135751
    y: -0.9250783089428147
  - x: 1.1227661222566516
    y: -0.9946839873611929
  - x: 1.0606601717798212
    y: -1.0606601717798212
  - x: 0.9946839873611929
    y: -1.1227661222566516
  - x: 0.9250783089428147
    y: -1.1807752209135751
  - x: 0.8520971200967337
    y: -1.2344757988404849
  - x: 0.7760067212664854
    y: -1.2836719084521715
  - x: 0.6970847580656532
    y: -1.3281840384798147
  - x: 0.6156192081791354
    y: -1.367849768988135
  - x: 0.5319073305638032
    y: -1.4025243640281226
  - x: 0.4462545807828044
    y: -1.4320812997628185
  - x: 0.35897349643133675
    y: -1.4564127261390778
  - x: 0.2703825567208589
    y: -1.475429860420715
  - x: 0.18080502038298452
    y: -1.4890633111470812
  - x: 0.09056774613342922
    y: -1.4972633313349768
  - x: 0
    y: -1.5
  - x: -0.09056774613342922
    y: -1.4972633313349768
  - x: -0.18080502038298435
    y: -1.4890633111470812
  - x: -0.2703825567208586
    y: -1.475429860420715
  - x: -0.35897349643133625
    y: -1.4564127261390785
  - x: -0.4462545807828044
    y: -1.4320812997628185
  - x: -0.5319073305638036
    y: -1.4025243640281226
  - x: -0.6156192081791348
    y: -1.367849768988135
  - x: -0.6970847580656528
    y: -1.3281840384798147
  - x: -0.7760067212664854
    y: -1.2836719084521715
  - x: -0.8520971200967337
    y: -1.2344757988404849
  - x: -0.9250783089428147
    y: -1.1807752209135751
  - x: -0.9946839873611925
    y: -1.122766122256652
  - x: -1.0606601717798212
    y: -1.0606601717798212
  - x: -1.1227661222566518
    y: -0.9946839873611929
  - x: -1.1807752209135751
    y: -0.9250783089428147
  - x: -1.2344757988404846
    y: -0.8520971200967337
  - x: -1.283671908452171
    y: -0.7760067212664854
  - x: -1.3281840384798147
    y: -0.6970847580656532
  - x: -1.367849768988135
    y: -0.6156192081791352
  - x: -1.402524364028122
    y: -0.5319073305638039
  - x: -1.4320812997628185
    y: -0.4462545807828044
  - x: -1.456412726139078
    y: -0.3589734964313364
  - x: -1.4754298604207154
    y: -0.2703825567208589
  - x: -1.489063311147081
    y: -0.18080502038298452
  - x: -1.4972633313349764
    y: -0.09056774613342952
  - x: -1.5
    y: -0.0000000000000003111865996029636
  - x: -1.4972633313349764
    y: 0.09056774613342859
  - x: -1.489063311147081
    y: 0.18080502038298482
  - x: -1.4754298604207154
    y: 0.2703825567208586
  - x: -1.4564127261390785
    y: 0.3589734964313361
  - x: -1.4320812997628185
    y: 0.446254580782805
  - x: -1.4025243640281224
    y: 0.5319073305638035
  - x: -1.3678497689881353
    y: 0.6156192081791348
  - x: -1.3281840384798154
    y: 0.6970847580656522
  - x: -1.2836719084521713
    y: 0.7760067212664853
  - x: -1.2344757988404849
    y: 0.8520971200967334
  - x: -1.1807752209135758
    y: 0.925078308942814
  - x: -1.1227661222566516
    y: 0.9946839873611929
  - x: -1.0606601717798214
    y: 1.0606601717798212
  - x: -0.9946839873611932
    y: 1.1227661222566514
  - x: -0.9250783089428144
    y: 1.1807752209135756
  - x: -0.852097120096734
    y: 1.2344757988404846
  - x: -0.7760067212664857
    y: 1.283671908452171
  - x: -0.6970847580656525
    y: 1.328184038479815
  - x: -0.6156192081791353
    y: 1.367849768988135
  - x: -0.5319073305638039
    y: 1.402524364028122
  - x: -0.44625458078280533
    y: 1.432081299762818
  - x: -0.35897349643133675
    y: 1.456412726139078
  - x: -0.2703825567208589
    y: 1.4754298604207154
  - x: -0.18080502038298546
    y: 1.489063311147081
  - x: -0.0905677461334289
    y: 1.4972633313349764
  - x: -0.0000000000000003111865996029636
    y: 1.5
  - x: 0.09056774613342827
    y: 1.4972633313349764
  - x: 0.18080502038298482
    y: 1.489063311147081
  - x: 0.2703825567208583
    y: 1.4754298604207154
  - x: 0.3589734964313361
    y: 1.4564127261390785
  - x: 0.446254580782805
    y: 1.4320812997628185
  - x: 0.5319073305638032
    y: 1.4025243640281224
  - x: 0.6156192081791348
    y: 1.3678497689881353
  - x: 0.6970847580656518
    y: 1.3281840384798154
  - x: 0.7760067212664854
    y: 1.2836719084521713
  - x: 0.8520971200967337
    y: 1.2344757988404849
  - x: 0.9250783089428141
    y: 1.1807752209135758
  - x: 0.9946839873611929
    y: 1.1227661222566516
  - x: 1.0606601717798212
    y: 1.0606601717798214
  - x: 1.1227661222566512
    y: 0.9946839873611936
  - x: 1.1807752209135758
    y: 0.9250783089428145
  - x: 1.2344757988404849
    y: 0.852097120096734
  - x: 1.2836719084521708
    y: 0.7760067212664857
  - x: 1.3281840384798147
    y: 0.6970847580656526
  - x: 1.367849768988135
    y: 0.6156192081791354
  - x: 1.402524364028122
    y: 0.5319073305638039
  - x: 1.4320812997628178
    y: 0.44625458078280533
  - x: 1.4564127261390778
    y: 0.35897349643133675
  - x: 1.475429860420715
    y: 0.2703825567208591
  - x: 1.4890633111470812
    y: 0.18080502038298546
  - x: 1.4972633313349768
    y: 0.0905677461334289
  - x: 557.5001018571891
    y: 267.45629170629365
  - x: 557.5001018571891
    y: 267.45629170629365
  svgCommands: 01000000020000000200000002000000020000000200000002000000020000000200000002000000020000000200000002000000020000000200000002000000020000000200000002000000020000000200000002000000020000000200000002000000020000000200000002000000020000000200000002000000020000000200000002000000020000000200000002000000020000000200000002000000020000000200000002000000020000000200000002000000020000000200000002000000020000000200000002000000020000000200000002000000020000000200000002000000020000000200000002000000020000000200000002000000020000000200000002000000020000000200000002000000020000000200000002000000020000000200000002000000020000000200000002000000020000000200000002000000020000000200000002000000020000000200000002000000020000000200000002000000020000000200000002000000020000000200000002000000020000000200000002000000020000000200000002000000020000005f00000000000000
  reverse: 0
  offset: 0
--- !u!1 &3410648414996070219
GameObject:
  m_ObjectHideFlags: 0
  m_CorrespondingSourceObject: {fileID: 0}
  m_PrefabInstance: {fileID: 0}
  m_PrefabAsset: {fileID: 0}
  serializedVersion: 6
  m_Component:
  - component: {fileID: 5048216246246065039}
  - component: {fileID: 6106394014450337716}
  m_Layer: 8
  m_Name: Option
  m_TagString: Untagged
  m_Icon: {fileID: 0}
  m_NavMeshLayer: 0
  m_StaticEditorFlags: 0
  m_IsActive: 1
--- !u!4 &5048216246246065039
Transform:
  m_ObjectHideFlags: 0
  m_CorrespondingSourceObject: {fileID: 0}
  m_PrefabInstance: {fileID: 0}
  m_PrefabAsset: {fileID: 0}
  m_GameObject: {fileID: 3410648414996070219}
  m_LocalRotation: {x: -0, y: -0, z: -0, w: 1}
  m_LocalPosition: {x: 0, y: 0, z: 0}
  m_LocalScale: {x: 1, y: 1, z: 1}
  m_Children: []
  m_Father: {fileID: 5429568886527333633}
  m_RootOrder: 1
  m_LocalEulerAnglesHint: {x: 0, y: 0, z: 0}
--- !u!114 &6106394014450337716
MonoBehaviour:
  m_ObjectHideFlags: 0
  m_CorrespondingSourceObject: {fileID: 0}
  m_PrefabInstance: {fileID: 0}
  m_PrefabAsset: {fileID: 0}
  m_GameObject: {fileID: 3410648414996070219}
  m_Enabled: 0
  m_EditorHideFlags: 0
  m_Script: {fileID: 11500000, guid: 552fb6fa4deaccb46ba7fa59819fc06a, type: 3}
  m_Name: 
  m_EditorClassIdentifier: 
  special: 0
  objects:
  - {fileID: 114986966024178736, guid: ab37bdefbae5a66439cc1215a71ecb11, type: 3}
  objectSizeX:
    serializedVersion: 2
    m_Curve:
    - serializedVersion: 3
      time: 0
      value: 0.05
      inSlope: 0
      outSlope: 0
      tangentMode: 0
      weightedMode: 3
      inWeight: 0
      outWeight: 0
    - serializedVersion: 3
      time: 1
      value: 0.06
      inSlope: 0
      outSlope: 0
      tangentMode: 0
      weightedMode: 3
      inWeight: 0
      outWeight: 0
    m_PreInfinity: 2
    m_PostInfinity: 2
    m_RotationOrder: 4
  objectSizeY:
    serializedVersion: 2
    m_Curve:
    - serializedVersion: 3
      time: 0
      value: 0.05
      inSlope: 0
      outSlope: 0
      tangentMode: 0
      weightedMode: 3
      inWeight: 0
      outWeight: 0
    - serializedVersion: 3
      time: 1
      value: 0.06
      inSlope: 0
      outSlope: 0
      tangentMode: 0
      weightedMode: 3
      inWeight: 0
      outWeight: 0
    m_PreInfinity: 2
    m_PostInfinity: 2
    m_RotationOrder: 4
  objectSizeZ:
    serializedVersion: 2
    m_Curve:
    - serializedVersion: 3
      time: 0
      value: 0.05
      inSlope: 0
      outSlope: 0
      tangentMode: 0
      weightedMode: 3
      inWeight: 0
      outWeight: 0
    - serializedVersion: 3
      time: 1
      value: 0.06
      inSlope: 0
      outSlope: 0
      tangentMode: 0
      weightedMode: 3
      inWeight: 0
      outWeight: 0
    m_PreInfinity: 2
    m_PostInfinity: 2
    m_RotationOrder: 4
  rotationX:
    serializedVersion: 2
    m_Curve:
    - serializedVersion: 3
      time: 0
      value: 0
      inSlope: 0
      outSlope: 0
      tangentMode: 0
      weightedMode: 3
      inWeight: 0
      outWeight: 0
    - serializedVersion: 3
      time: 1
      value: 0
      inSlope: 0
      outSlope: 0
      tangentMode: 0
      weightedMode: 3
      inWeight: 0
      outWeight: 0
    m_PreInfinity: 2
    m_PostInfinity: 2
    m_RotationOrder: 4
  rotationY:
    serializedVersion: 2
    m_Curve:
    - serializedVersion: 3
      time: 0
      value: 0
      inSlope: 0
      outSlope: 0
      tangentMode: 0
      weightedMode: 3
      inWeight: 0
      outWeight: 0
    - serializedVersion: 3
      time: 1
      value: 0
      inSlope: 0
      outSlope: 0
      tangentMode: 0
      weightedMode: 3
      inWeight: 0
      outWeight: 0
    m_PreInfinity: 2
    m_PostInfinity: 2
    m_RotationOrder: 4
  rotationZ:
    serializedVersion: 2
    m_Curve:
    - serializedVersion: 3
      time: 0
      value: 0
      inSlope: 0
      outSlope: 0
      tangentMode: 0
      weightedMode: 3
      inWeight: 0
      outWeight: 0
    - serializedVersion: 3
      time: 1
      value: 360
      inSlope: 0
      outSlope: 0
      tangentMode: 0
      weightedMode: 3
      inWeight: 0
      outWeight: 0
    m_PreInfinity: 2
    m_PostInfinity: 2
    m_RotationOrder: 4
  color:
    serializedVersion: 2
    key0: {r: 0.21856683, g: 1, b: 0.08018869, a: 1}
    key1: {r: 0.21856683, g: 1, b: 0.08018869, a: 1}
    key2: {r: 1, g: 0.07843137, b: 0.46137494, a: 0}
    key3: {r: 1, g: 0.07843137, b: 0.46137494, a: 0}
    key4: {r: 1, g: 0.07843137, b: 0.46137494, a: 0}
    key5: {r: 1, g: 0.07843137, b: 0.46137494, a: 0}
    key6: {r: 1, g: 0.8209606, b: 0.07843137, a: 0}
    key7: {r: 0, g: 0, b: 0, a: 0}
    ctime0: 0
    ctime1: 65535
    ctime2: 57054
    ctime3: 57054
    ctime4: 57054
    ctime5: 57054
    ctime6: 65150
    ctime7: 0
    atime0: 0
    atime1: 65535
    atime2: 0
    atime3: 0
    atime4: 0
    atime5: 0
    atime6: 0
    atime7: 0
    m_Mode: 0
    m_NumColorKeys: 2
    m_NumAlphaKeys: 2
  spacing: 0.1
  radius: 0.4
  count: 2
  sprinklePreviewType: 1
--- !u!1 &3679333656425796649
GameObject:
  m_ObjectHideFlags: 0
  m_CorrespondingSourceObject: {fileID: 0}
  m_PrefabInstance: {fileID: 0}
  m_PrefabAsset: {fileID: 0}
  serializedVersion: 6
  m_Component:
  - component: {fileID: 8327391021073420715}
  - component: {fileID: 576931073332065836}
  - component: {fileID: 6135200518851612555}
  - component: {fileID: 2940078708927319119}
  m_Layer: 8
  m_Name: StrokeManual 3
  m_TagString: Untagged
  m_Icon: {fileID: 0}
  m_NavMeshLayer: 0
  m_StaticEditorFlags: 0
  m_IsActive: 1
--- !u!4 &8327391021073420715
Transform:
  m_ObjectHideFlags: 0
  m_CorrespondingSourceObject: {fileID: 0}
  m_PrefabInstance: {fileID: 0}
  m_PrefabAsset: {fileID: 0}
  m_GameObject: {fileID: 3679333656425796649}
  m_LocalRotation: {x: 0, y: 0, z: 0, w: 1}
  m_LocalPosition: {x: 0, y: 0, z: 0}
  m_LocalScale: {x: 1, y: 1, z: 1}
  m_Children: []
  m_Father: {fileID: 4875747061100920615}
  m_RootOrder: 3
  m_LocalEulerAnglesHint: {x: 0, y: 0, z: 0}
--- !u!114 &576931073332065836
MonoBehaviour:
  m_ObjectHideFlags: 0
  m_CorrespondingSourceObject: {fileID: 0}
  m_PrefabInstance: {fileID: 0}
  m_PrefabAsset: {fileID: 0}
  m_GameObject: {fileID: 3679333656425796649}
  m_Enabled: 1
  m_EditorHideFlags: 0
  m_Script: {fileID: 11500000, guid: f6202143f93329f4596fcd4f38f4496e, type: 3}
  m_Name: 
  m_EditorClassIdentifier: 
  tip: {fileID: 4760252478746094373, guid: 0499a74804bbbed4083ca126c34374b8, type: 3}
  size:
    serializedVersion: 2
    m_Curve:
    - serializedVersion: 3
      time: 0
      value: 0.15
      inSlope: 0
      outSlope: 0
      tangentMode: 0
      weightedMode: 3
      inWeight: 0
      outWeight: 0
    - serializedVersion: 3
      time: 1
      value: 0.15
      inSlope: 0
      outSlope: 0
      tangentMode: 0
      weightedMode: 3
      inWeight: 0
      outWeight: 0
    m_PreInfinity: 2
    m_PostInfinity: 2
    m_RotationOrder: 4
  twist: 0
--- !u!114 &6135200518851612555
MonoBehaviour:
  m_ObjectHideFlags: 0
  m_CorrespondingSourceObject: {fileID: 0}
  m_PrefabInstance: {fileID: 0}
  m_PrefabAsset: {fileID: 0}
  m_GameObject: {fileID: 3679333656425796649}
  m_Enabled: 1
  m_EditorHideFlags: 0
  m_Script: {fileID: 11500000, guid: c25f2c3c6d52ab744a70ac080b3e3958, type: 3}
  m_Name: 
  m_EditorClassIdentifier: 
  svgPoints:
  - x: -0.8102643556852805
    y: -1.0589308903391828
  - x: -0.7733056912636768
    y: -1.0016232187679326
  - x: -0.712084751000564
    y: -0.9211837726738538
  - x: -0.6176444961935366
    y: -0.8456141694828436
  - x: -0.5271175100783718
    y: -0.7731751878799643
  - x: -0.4392863277826519
    y: -0.7317814817373759
  - x: -0.3768479226471215
    y: -0.708040978924989
  - x: 106.86000061035156
    y: 254.63998985290527
  svgCommands: 0100000004000000040000000400000004000000040000000400000000000000
  reverse: 0
  offset: 0
--- !u!114 &2940078708927319119
MonoBehaviour:
  m_ObjectHideFlags: 0
  m_CorrespondingSourceObject: {fileID: 0}
  m_PrefabInstance: {fileID: 0}
  m_PrefabAsset: {fileID: 0}
  m_GameObject: {fileID: 3679333656425796649}
  m_Enabled: 1
  m_EditorHideFlags: 0
  m_Script: {fileID: 11500000, guid: 5120595cb07379d488e526d799bc1e6d, type: 3}
  m_Name: 
  m_EditorClassIdentifier: 
  path: {fileID: 6135200518851612555}
  sections:
  - weight: 1
    colors: 00000000
  options:
  - colors:
    - {r: 1, g: 0.14748773, b: 0, a: 1}
  - colors:
    - {r: 0, g: 0.6420536, b: 1, a: 1}
  - colors:
    - {r: 1, g: 0.7372549, b: 0.039215688, a: 1}
  - colors:
    - {r: 0.3882353, g: 0.2509804, b: 0.15686275, a: 1}
  - colors:
    - {r: 0.586988, g: 0, b: 1, a: 1}
  brush: {fileID: 576931073332065836}
  material: {fileID: 2100000, guid: 108036d14a7415f4b95df06c69a79ceb, type: 2}
--- !u!1 &3872920399106970133
GameObject:
  m_ObjectHideFlags: 0
  m_CorrespondingSourceObject: {fileID: 0}
  m_PrefabInstance: {fileID: 0}
  m_PrefabAsset: {fileID: 0}
  serializedVersion: 6
  m_Component:
  - component: {fileID: 7466889756625120012}
  - component: {fileID: 6274254793633886332}
  m_Layer: 8
  m_Name: Option
  m_TagString: Untagged
  m_Icon: {fileID: 0}
  m_NavMeshLayer: 0
  m_StaticEditorFlags: 0
  m_IsActive: 1
--- !u!4 &7466889756625120012
Transform:
  m_ObjectHideFlags: 0
  m_CorrespondingSourceObject: {fileID: 0}
  m_PrefabInstance: {fileID: 0}
  m_PrefabAsset: {fileID: 0}
  m_GameObject: {fileID: 3872920399106970133}
  m_LocalRotation: {x: -0, y: -0, z: -0, w: 1}
  m_LocalPosition: {x: 0, y: 0, z: 0}
  m_LocalScale: {x: 1, y: 1, z: 1}
  m_Children: []
  m_Father: {fileID: 5429568886527333633}
  m_RootOrder: 0
  m_LocalEulerAnglesHint: {x: 0, y: 0, z: 0}
--- !u!114 &6274254793633886332
MonoBehaviour:
  m_ObjectHideFlags: 0
  m_CorrespondingSourceObject: {fileID: 0}
  m_PrefabInstance: {fileID: 0}
  m_PrefabAsset: {fileID: 0}
  m_GameObject: {fileID: 3872920399106970133}
  m_Enabled: 0
  m_EditorHideFlags: 0
  m_Script: {fileID: 11500000, guid: 552fb6fa4deaccb46ba7fa59819fc06a, type: 3}
  m_Name: 
  m_EditorClassIdentifier: 
  special: 0
  objects:
  - {fileID: 114341512539009476, guid: bb4e3d57a53b5cb40ba1e08992ac3b25, type: 3}
  objectSizeX:
    serializedVersion: 2
    m_Curve:
    - serializedVersion: 3
      time: 0
      value: 0.1
      inSlope: 0
      outSlope: 0
      tangentMode: 0
      weightedMode: 3
      inWeight: 0
      outWeight: 0
    - serializedVersion: 3
      time: 1
      value: 0.1
      inSlope: 0
      outSlope: 0
      tangentMode: 0
      weightedMode: 3
      inWeight: 0
      outWeight: 0
    m_PreInfinity: 2
    m_PostInfinity: 2
    m_RotationOrder: 4
  objectSizeY:
    serializedVersion: 2
    m_Curve:
    - serializedVersion: 3
      time: 0
      value: 0.1
      inSlope: 0
      outSlope: 0
      tangentMode: 0
      weightedMode: 3
      inWeight: 0
      outWeight: 0
    - serializedVersion: 3
      time: 1
      value: 0.1
      inSlope: 0
      outSlope: 0
      tangentMode: 0
      weightedMode: 3
      inWeight: 0
      outWeight: 0
    m_PreInfinity: 2
    m_PostInfinity: 2
    m_RotationOrder: 4
  objectSizeZ:
    serializedVersion: 2
    m_Curve:
    - serializedVersion: 3
      time: 0
      value: 0.1
      inSlope: 0
      outSlope: 0
      tangentMode: 0
      weightedMode: 3
      inWeight: 0
      outWeight: 0
    - serializedVersion: 3
      time: 1
      value: 0.1
      inSlope: 0
      outSlope: 0
      tangentMode: 0
      weightedMode: 3
      inWeight: 0
      outWeight: 0
    m_PreInfinity: 2
    m_PostInfinity: 2
    m_RotationOrder: 4
  rotationX:
    serializedVersion: 2
    m_Curve:
    - serializedVersion: 3
      time: 0
      value: 0
      inSlope: 0
      outSlope: 0
      tangentMode: 0
      weightedMode: 3
      inWeight: 0
      outWeight: 0
    - serializedVersion: 3
      time: 1
      value: 0
      inSlope: 0
      outSlope: 0
      tangentMode: 0
      weightedMode: 3
      inWeight: 0
      outWeight: 0
    m_PreInfinity: 2
    m_PostInfinity: 2
    m_RotationOrder: 4
  rotationY:
    serializedVersion: 2
    m_Curve:
    - serializedVersion: 3
      time: 0
      value: 0
      inSlope: 0
      outSlope: 0
      tangentMode: 0
      weightedMode: 3
      inWeight: 0
      outWeight: 0
    - serializedVersion: 3
      time: 1
      value: 0
      inSlope: 0
      outSlope: 0
      tangentMode: 0
      weightedMode: 3
      inWeight: 0
      outWeight: 0
    m_PreInfinity: 2
    m_PostInfinity: 2
    m_RotationOrder: 4
  rotationZ:
    serializedVersion: 2
    m_Curve:
    - serializedVersion: 3
      time: 0
      value: 0
      inSlope: 0
      outSlope: 0
      tangentMode: 0
      weightedMode: 3
      inWeight: 0
      outWeight: 0
    - serializedVersion: 3
      time: 1
      value: 360
      inSlope: 0
      outSlope: 0
      tangentMode: 0
      weightedMode: 3
      inWeight: 0
      outWeight: 0
    m_PreInfinity: 2
    m_PostInfinity: 2
    m_RotationOrder: 4
  color:
    serializedVersion: 2
    key0: {r: 0.3882353, g: 0.2509804, b: 0.15686275, a: 1}
    key1: {r: 1, g: 0.7372549, b: 0.039215688, a: 1}
    key2: {r: 1, g: 0.8209606, b: 0.07843137, a: 1}
    key3: {r: 1, g: 0.8209606, b: 0.07843137, a: 0}
    key4: {r: 1, g: 0.8209606, b: 0.07843137, a: 0}
    key5: {r: 1, g: 0.8209606, b: 0.07843137, a: 0}
    key6: {r: 1, g: 0.8209606, b: 0.07843137, a: 0}
    key7: {r: 0, g: 0, b: 0, a: 0}
    ctime0: 32768
    ctime1: 65535
    ctime2: 64571
    ctime3: 64571
    ctime4: 64571
    ctime5: 64571
    ctime6: 64571
    ctime7: 0
    atime0: 0
    atime1: 65535
    atime2: 65535
    atime3: 0
    atime4: 0
    atime5: 0
    atime6: 0
    atime7: 0
    m_Mode: 1
    m_NumColorKeys: 2
    m_NumAlphaKeys: 2
  spacing: 0.2
  radius: 0.4
  count: 1
  sprinklePreviewType: 1
--- !u!1 &3990272109166273828
GameObject:
  m_ObjectHideFlags: 0
  m_CorrespondingSourceObject: {fileID: 0}
  m_PrefabInstance: {fileID: 0}
  m_PrefabAsset: {fileID: 0}
  serializedVersion: 6
  m_Component:
  - component: {fileID: 3193225368731984549}
  - component: {fileID: 7206132846191286852}
  - component: {fileID: 2528266823950303158}
  - component: {fileID: 4688920088296870036}
  m_Layer: 8
  m_Name: StrokeManual 9
  m_TagString: Untagged
  m_Icon: {fileID: 0}
  m_NavMeshLayer: 0
  m_StaticEditorFlags: 0
  m_IsActive: 1
--- !u!4 &3193225368731984549
Transform:
  m_ObjectHideFlags: 0
  m_CorrespondingSourceObject: {fileID: 0}
  m_PrefabInstance: {fileID: 0}
  m_PrefabAsset: {fileID: 0}
  m_GameObject: {fileID: 3990272109166273828}
  m_LocalRotation: {x: 0, y: 0, z: 0, w: 1}
  m_LocalPosition: {x: 0, y: 0, z: 0}
  m_LocalScale: {x: 1, y: 1, z: 1}
  m_Children: []
  m_Father: {fileID: 4875747061100920615}
  m_RootOrder: 9
  m_LocalEulerAnglesHint: {x: 0, y: 0, z: 0}
--- !u!114 &7206132846191286852
MonoBehaviour:
  m_ObjectHideFlags: 0
  m_CorrespondingSourceObject: {fileID: 0}
  m_PrefabInstance: {fileID: 0}
  m_PrefabAsset: {fileID: 0}
  m_GameObject: {fileID: 3990272109166273828}
  m_Enabled: 1
  m_EditorHideFlags: 0
  m_Script: {fileID: 11500000, guid: f6202143f93329f4596fcd4f38f4496e, type: 3}
  m_Name: 
  m_EditorClassIdentifier: 
  tip: {fileID: 4760252478746094373, guid: 0499a74804bbbed4083ca126c34374b8, type: 3}
  size:
    serializedVersion: 2
    m_Curve:
    - serializedVersion: 3
      time: 0
      value: 0.15
      inSlope: 0
      outSlope: 0
      tangentMode: 0
      weightedMode: 3
      inWeight: 0
      outWeight: 0
    - serializedVersion: 3
      time: 1
      value: 0.15
      inSlope: 0
      outSlope: 0
      tangentMode: 0
      weightedMode: 3
      inWeight: 0
      outWeight: 0
    m_PreInfinity: 2
    m_PostInfinity: 2
    m_RotationOrder: 4
  twist: 0
--- !u!114 &2528266823950303158
MonoBehaviour:
  m_ObjectHideFlags: 0
  m_CorrespondingSourceObject: {fileID: 0}
  m_PrefabInstance: {fileID: 0}
  m_PrefabAsset: {fileID: 0}
  m_GameObject: {fileID: 3990272109166273828}
  m_Enabled: 1
  m_EditorHideFlags: 0
  m_Script: {fileID: 11500000, guid: c25f2c3c6d52ab744a70ac080b3e3958, type: 3}
  m_Name: 
  m_EditorClassIdentifier: 
  svgPoints:
  - x: -0.294234437469419
    y: -0.22296947213529256
  - x: -0.24492723038936823
    y: -0.2333178986709397
  - x: -0.19562002330931752
    y: -0.2435793616528496
  - x: -0.1463128162292668
    y: -0.2539277881884967
  - x: 133.3700008392334
    y: 202.4200005531311
  svgCommands: 0100000004000000040000000400000000000000
  reverse: 0
  offset: 0
--- !u!114 &4688920088296870036
MonoBehaviour:
  m_ObjectHideFlags: 0
  m_CorrespondingSourceObject: {fileID: 0}
  m_PrefabInstance: {fileID: 0}
  m_PrefabAsset: {fileID: 0}
  m_GameObject: {fileID: 3990272109166273828}
  m_Enabled: 1
  m_EditorHideFlags: 0
  m_Script: {fileID: 11500000, guid: 5120595cb07379d488e526d799bc1e6d, type: 3}
  m_Name: 
  m_EditorClassIdentifier: 
  path: {fileID: 2528266823950303158}
  sections:
  - weight: 1
    colors: 03000000
  options:
  - colors:
    - {r: 1, g: 0.14748773, b: 0, a: 1}
  - colors:
    - {r: 0, g: 0.6420536, b: 1, a: 1}
  - colors:
    - {r: 1, g: 0.7372549, b: 0.039215688, a: 1}
  - colors:
    - {r: 0.3882353, g: 0.2509804, b: 0.15686275, a: 1}
  - colors:
    - {r: 0.586988, g: 0, b: 1, a: 1}
  brush: {fileID: 7206132846191286852}
  material: {fileID: 2100000, guid: 108036d14a7415f4b95df06c69a79ceb, type: 2}
--- !u!1 &4643343071041569182
GameObject:
  m_ObjectHideFlags: 0
  m_CorrespondingSourceObject: {fileID: 0}
  m_PrefabInstance: {fileID: 0}
  m_PrefabAsset: {fileID: 0}
  serializedVersion: 6
  m_Component:
  - component: {fileID: 8090701432912152450}
  - component: {fileID: 5095433691601653700}
  m_Layer: 8
  m_Name: Option
  m_TagString: Untagged
  m_Icon: {fileID: 0}
  m_NavMeshLayer: 0
  m_StaticEditorFlags: 0
  m_IsActive: 1
--- !u!4 &8090701432912152450
Transform:
  m_ObjectHideFlags: 0
  m_CorrespondingSourceObject: {fileID: 0}
  m_PrefabInstance: {fileID: 0}
  m_PrefabAsset: {fileID: 0}
  m_GameObject: {fileID: 4643343071041569182}
  m_LocalRotation: {x: -0, y: -0, z: -0, w: 1}
  m_LocalPosition: {x: 0, y: 0, z: 0}
  m_LocalScale: {x: 1, y: 1, z: 1}
  m_Children: []
  m_Father: {fileID: 5429568886527333633}
  m_RootOrder: 2
  m_LocalEulerAnglesHint: {x: 0, y: 0, z: 0}
--- !u!114 &5095433691601653700
MonoBehaviour:
  m_ObjectHideFlags: 0
  m_CorrespondingSourceObject: {fileID: 0}
  m_PrefabInstance: {fileID: 0}
  m_PrefabAsset: {fileID: 0}
  m_GameObject: {fileID: 4643343071041569182}
  m_Enabled: 0
  m_EditorHideFlags: 0
  m_Script: {fileID: 11500000, guid: 552fb6fa4deaccb46ba7fa59819fc06a, type: 3}
  m_Name: 
  m_EditorClassIdentifier: 
  special: 0
  objects:
  - {fileID: 114986966024178736, guid: ab37bdefbae5a66439cc1215a71ecb11, type: 3}
  - {fileID: 2647852329520218456, guid: 8d4f907bba59f6e42b73731e08670013, type: 3}
  objectSizeX:
    serializedVersion: 2
    m_Curve:
    - serializedVersion: 3
      time: 0
      value: 0.05
      inSlope: 0
      outSlope: 0
      tangentMode: 0
      weightedMode: 3
      inWeight: 0
      outWeight: 0
    - serializedVersion: 3
      time: 1
      value: 0.06
      inSlope: 0
      outSlope: 0
      tangentMode: 0
      weightedMode: 3
      inWeight: 0
      outWeight: 0
    m_PreInfinity: 2
    m_PostInfinity: 2
    m_RotationOrder: 4
  objectSizeY:
    serializedVersion: 2
    m_Curve:
    - serializedVersion: 3
      time: 0
      value: 0.05
      inSlope: 0
      outSlope: 0
      tangentMode: 0
      weightedMode: 3
      inWeight: 0
      outWeight: 0
    - serializedVersion: 3
      time: 1
      value: 0.06
      inSlope: 0
      outSlope: 0
      tangentMode: 0
      weightedMode: 3
      inWeight: 0
      outWeight: 0
    m_PreInfinity: 2
    m_PostInfinity: 2
    m_RotationOrder: 4
  objectSizeZ:
    serializedVersion: 2
    m_Curve:
    - serializedVersion: 3
      time: 0
      value: 0.05
      inSlope: 0
      outSlope: 0
      tangentMode: 0
      weightedMode: 3
      inWeight: 0
      outWeight: 0
    - serializedVersion: 3
      time: 1
      value: 0.06
      inSlope: 0
      outSlope: 0
      tangentMode: 0
      weightedMode: 3
      inWeight: 0
      outWeight: 0
    m_PreInfinity: 2
    m_PostInfinity: 2
    m_RotationOrder: 4
  rotationX:
    serializedVersion: 2
    m_Curve:
    - serializedVersion: 3
      time: 0
      value: 0
      inSlope: 0
      outSlope: 0
      tangentMode: 0
      weightedMode: 3
      inWeight: 0
      outWeight: 0
    - serializedVersion: 3
      time: 1
      value: 0
      inSlope: 0
      outSlope: 0
      tangentMode: 0
      weightedMode: 3
      inWeight: 0
      outWeight: 0
    m_PreInfinity: 2
    m_PostInfinity: 2
    m_RotationOrder: 4
  rotationY:
    serializedVersion: 2
    m_Curve:
    - serializedVersion: 3
      time: 0
      value: 0
      inSlope: 0
      outSlope: 0
      tangentMode: 0
      weightedMode: 3
      inWeight: 0
      outWeight: 0
    - serializedVersion: 3
      time: 1
      value: 0
      inSlope: 0
      outSlope: 0
      tangentMode: 0
      weightedMode: 3
      inWeight: 0
      outWeight: 0
    m_PreInfinity: 2
    m_PostInfinity: 2
    m_RotationOrder: 4
  rotationZ:
    serializedVersion: 2
    m_Curve:
    - serializedVersion: 3
      time: 0
      value: 0
      inSlope: 0
      outSlope: 0
      tangentMode: 0
      weightedMode: 3
      inWeight: 0
      outWeight: 0
    - serializedVersion: 3
      time: 1
      value: 360
      inSlope: 0
      outSlope: 0
      tangentMode: 0
      weightedMode: 3
      inWeight: 0
      outWeight: 0
    m_PreInfinity: 2
    m_PostInfinity: 2
    m_RotationOrder: 4
  color:
    serializedVersion: 2
    key0: {r: 0.07843137, g: 0.4779123, b: 1, a: 1}
    key1: {r: 0.07843137, g: 0.4779123, b: 1, a: 1}
    key2: {r: 1, g: 0.8209606, b: 0.07843137, a: 0}
    key3: {r: 1, g: 0.8209606, b: 0.07843137, a: 0}
    key4: {r: 1, g: 0.8209606, b: 0.07843137, a: 0}
    key5: {r: 1, g: 0.8209606, b: 0.07843137, a: 0}
    key6: {r: 1, g: 0.8209606, b: 0.07843137, a: 0}
    key7: {r: 0, g: 0, b: 0, a: 0}
    ctime0: 0
    ctime1: 65535
    ctime2: 64571
    ctime3: 64571
    ctime4: 64571
    ctime5: 64571
    ctime6: 64571
    ctime7: 0
    atime0: 0
    atime1: 65535
    atime2: 0
    atime3: 0
    atime4: 0
    atime5: 0
    atime6: 0
    atime7: 0
    m_Mode: 0
    m_NumColorKeys: 2
    m_NumAlphaKeys: 2
  spacing: 0.1
  radius: 0.4
  count: 2
  sprinklePreviewType: 0
--- !u!1 &6962531537857617705
GameObject:
  m_ObjectHideFlags: 0
  m_CorrespondingSourceObject: {fileID: 0}
  m_PrefabInstance: {fileID: 0}
  m_PrefabAsset: {fileID: 0}
  serializedVersion: 6
  m_Component:
  - component: {fileID: 2991640701660840607}
  - component: {fileID: 7450626753237063816}
  - component: {fileID: 1518016306740348595}
  - component: {fileID: 7471578829822725962}
  m_Layer: 8
  m_Name: StrokeManual 8
  m_TagString: Untagged
  m_Icon: {fileID: 0}
  m_NavMeshLayer: 0
  m_StaticEditorFlags: 0
  m_IsActive: 1
--- !u!4 &2991640701660840607
Transform:
  m_ObjectHideFlags: 0
  m_CorrespondingSourceObject: {fileID: 0}
  m_PrefabInstance: {fileID: 0}
  m_PrefabAsset: {fileID: 0}
  m_GameObject: {fileID: 6962531537857617705}
  m_LocalRotation: {x: 0, y: 0, z: 0, w: 1}
  m_LocalPosition: {x: 0, y: 0, z: 0}
  m_LocalScale: {x: 1, y: 1, z: 1}
  m_Children: []
  m_Father: {fileID: 4875747061100920615}
  m_RootOrder: 8
  m_LocalEulerAnglesHint: {x: 0, y: 0, z: 0}
--- !u!114 &7450626753237063816
MonoBehaviour:
  m_ObjectHideFlags: 0
  m_CorrespondingSourceObject: {fileID: 0}
  m_PrefabInstance: {fileID: 0}
  m_PrefabAsset: {fileID: 0}
  m_GameObject: {fileID: 6962531537857617705}
  m_Enabled: 1
  m_EditorHideFlags: 0
  m_Script: {fileID: 11500000, guid: f6202143f93329f4596fcd4f38f4496e, type: 3}
  m_Name: 
  m_EditorClassIdentifier: 
  tip: {fileID: 4760252478746094373, guid: 0499a74804bbbed4083ca126c34374b8, type: 3}
  size:
    serializedVersion: 2
    m_Curve:
    - serializedVersion: 3
      time: 0
      value: 0.15
      inSlope: 0
      outSlope: 0
      tangentMode: 0
      weightedMode: 3
      inWeight: 0
      outWeight: 0
    - serializedVersion: 3
      time: 1
      value: 0.15
      inSlope: 0
      outSlope: 0
      tangentMode: 0
      weightedMode: 3
      inWeight: 0
      outWeight: 0
    m_PreInfinity: 2
    m_PostInfinity: 2
    m_RotationOrder: 4
  twist: 0
--- !u!114 &1518016306740348595
MonoBehaviour:
  m_ObjectHideFlags: 0
  m_CorrespondingSourceObject: {fileID: 0}
  m_PrefabInstance: {fileID: 0}
  m_PrefabAsset: {fileID: 0}
  m_GameObject: {fileID: 6962531537857617705}
  m_Enabled: 1
  m_EditorHideFlags: 0
  m_Script: {fileID: 11500000, guid: c25f2c3c6d52ab744a70ac080b3e3958, type: 3}
  m_Name: 
  m_EditorClassIdentifier: 
  svgPoints:
  - x: -0.2529276948805677
    y: -0.8284827474750651
  - x: -0.22649137995543497
    y: -0.8777899545551159
  - x: -0.1816192145963689
    y: -0.9475331240452494
  - x: -0.10839756930315596
    y: -1.014232652087591
  - x: -0.05230736260432341
    y: -1.0653660523296178
  - x: 0.0031741158049508177
    y: -1.0990201763489174
  - x: 0.04639400681621429
    y: -1.120847530738892
  - x: 0.09057048033198484
    y: -1.104237872430272
  - x: 0.15396545967872133
    y: -1.0744970181394977
  - x: 0.2184039850837021
    y: -1.02110261526011
  - x: 0.2941475070888856
    y: -0.958403327756669
  - x: 0.33858486297256674
    y: -0.8901384972135629
  - x: 0.3629341106611139
    y: -0.8456141777761446
  - x: 191.9300022125244
    y: 270.4599905014038
  svgCommands: 0100000004000000040000000400000004000000040000000400000004000000040000000400000004000000040000000400000000000000
  reverse: 0
  offset: 0
--- !u!114 &7471578829822725962
MonoBehaviour:
  m_ObjectHideFlags: 0
  m_CorrespondingSourceObject: {fileID: 0}
  m_PrefabInstance: {fileID: 0}
  m_PrefabAsset: {fileID: 0}
  m_GameObject: {fileID: 6962531537857617705}
  m_Enabled: 1
  m_EditorHideFlags: 0
  m_Script: {fileID: 11500000, guid: 5120595cb07379d488e526d799bc1e6d, type: 3}
  m_Name: 
  m_EditorClassIdentifier: 
  path: {fileID: 1518016306740348595}
  sections:
  - weight: 1
    colors: 02000000
  options:
  - colors:
    - {r: 1, g: 0.14748773, b: 0, a: 1}
  - colors:
    - {r: 0, g: 0.6420536, b: 1, a: 1}
  - colors:
    - {r: 1, g: 0.7372549, b: 0.039215688, a: 1}
  - colors:
    - {r: 0.3882353, g: 0.2509804, b: 0.15686275, a: 1}
  - colors:
    - {r: 0.586988, g: 0, b: 1, a: 1}
  brush: {fileID: 7450626753237063816}
  material: {fileID: 2100000, guid: 108036d14a7415f4b95df06c69a79ceb, type: 2}
--- !u!1 &7010383120152167364
GameObject:
  m_ObjectHideFlags: 0
  m_CorrespondingSourceObject: {fileID: 0}
  m_PrefabInstance: {fileID: 0}
  m_PrefabAsset: {fileID: 0}
  serializedVersion: 6
  m_Component:
  - component: {fileID: 8530282743834336242}
  - component: {fileID: 6689383016739181403}
  m_Layer: 8
  m_Name: Option
  m_TagString: Untagged
  m_Icon: {fileID: 0}
  m_NavMeshLayer: 0
  m_StaticEditorFlags: 0
  m_IsActive: 1
--- !u!4 &8530282743834336242
Transform:
  m_ObjectHideFlags: 0
  m_CorrespondingSourceObject: {fileID: 0}
  m_PrefabInstance: {fileID: 0}
  m_PrefabAsset: {fileID: 0}
  m_GameObject: {fileID: 7010383120152167364}
  m_LocalRotation: {x: -0, y: -0, z: -0, w: 1}
  m_LocalPosition: {x: 0, y: 0, z: 0}
  m_LocalScale: {x: 1, y: 1, z: 1}
  m_Children: []
  m_Father: {fileID: 5429568886527333633}
  m_RootOrder: 4
  m_LocalEulerAnglesHint: {x: 0, y: 0, z: 0}
--- !u!114 &6689383016739181403
MonoBehaviour:
  m_ObjectHideFlags: 0
  m_CorrespondingSourceObject: {fileID: 0}
  m_PrefabInstance: {fileID: 0}
  m_PrefabAsset: {fileID: 0}
  m_GameObject: {fileID: 7010383120152167364}
  m_Enabled: 0
  m_EditorHideFlags: 0
  m_Script: {fileID: 11500000, guid: 552fb6fa4deaccb46ba7fa59819fc06a, type: 3}
  m_Name: 
  m_EditorClassIdentifier: 
  special: 0
  objects:
  - {fileID: 114986966024178736, guid: ab37bdefbae5a66439cc1215a71ecb11, type: 3}
  - {fileID: 2647852329520218456, guid: 8d4f907bba59f6e42b73731e08670013, type: 3}
  objectSizeX:
    serializedVersion: 2
    m_Curve:
    - serializedVersion: 3
      time: 0
      value: 0.05
      inSlope: 0
      outSlope: 0
      tangentMode: 0
      weightedMode: 3
      inWeight: 0
      outWeight: 0
    - serializedVersion: 3
      time: 1
      value: 0.06
      inSlope: 0
      outSlope: 0
      tangentMode: 0
      weightedMode: 3
      inWeight: 0
      outWeight: 0
    m_PreInfinity: 2
    m_PostInfinity: 2
    m_RotationOrder: 4
  objectSizeY:
    serializedVersion: 2
    m_Curve:
    - serializedVersion: 3
      time: 0
      value: 0.05
      inSlope: 0
      outSlope: 0
      tangentMode: 0
      weightedMode: 3
      inWeight: 0
      outWeight: 0
    - serializedVersion: 3
      time: 1
      value: 0.06
      inSlope: 0
      outSlope: 0
      tangentMode: 0
      weightedMode: 3
      inWeight: 0
      outWeight: 0
    m_PreInfinity: 2
    m_PostInfinity: 2
    m_RotationOrder: 4
  objectSizeZ:
    serializedVersion: 2
    m_Curve:
    - serializedVersion: 3
      time: 0
      value: 0.05
      inSlope: 0
      outSlope: 0
      tangentMode: 0
      weightedMode: 3
      inWeight: 0
      outWeight: 0
    - serializedVersion: 3
      time: 1
      value: 0.06
      inSlope: 0
      outSlope: 0
      tangentMode: 0
      weightedMode: 3
      inWeight: 0
      outWeight: 0
    m_PreInfinity: 2
    m_PostInfinity: 2
    m_RotationOrder: 4
  rotationX:
    serializedVersion: 2
    m_Curve:
    - serializedVersion: 3
      time: 0
      value: 0
      inSlope: 0
      outSlope: 0
      tangentMode: 0
      weightedMode: 3
      inWeight: 0
      outWeight: 0
    - serializedVersion: 3
      time: 1
      value: 0
      inSlope: 0
      outSlope: 0
      tangentMode: 0
      weightedMode: 3
      inWeight: 0
      outWeight: 0
    m_PreInfinity: 2
    m_PostInfinity: 2
    m_RotationOrder: 4
  rotationY:
    serializedVersion: 2
    m_Curve:
    - serializedVersion: 3
      time: 0
      value: 0
      inSlope: 0
      outSlope: 0
      tangentMode: 0
      weightedMode: 3
      inWeight: 0
      outWeight: 0
    - serializedVersion: 3
      time: 1
      value: 0
      inSlope: 0
      outSlope: 0
      tangentMode: 0
      weightedMode: 3
      inWeight: 0
      outWeight: 0
    m_PreInfinity: 2
    m_PostInfinity: 2
    m_RotationOrder: 4
  rotationZ:
    serializedVersion: 2
    m_Curve:
    - serializedVersion: 3
      time: 0
      value: 0
      inSlope: 0
      outSlope: 0
      tangentMode: 0
      weightedMode: 3
      inWeight: 0
      outWeight: 0
    - serializedVersion: 3
      time: 1
      value: 360
      inSlope: 0
      outSlope: 0
      tangentMode: 0
      weightedMode: 3
      inWeight: 0
      outWeight: 0
    m_PreInfinity: 2
    m_PostInfinity: 2
    m_RotationOrder: 4
  color:
    serializedVersion: 2
    key0: {r: 1, g: 0.07843137, b: 0.46137494, a: 1}
    key1: {r: 1, g: 0.07843137, b: 0.46137494, a: 1}
    key2: {r: 1, g: 0.07843137, b: 0.46137494, a: 0}
    key3: {r: 1, g: 0.07843137, b: 0.46137494, a: 0}
    key4: {r: 1, g: 0.07843137, b: 0.46137494, a: 0}
    key5: {r: 1, g: 0.8209606, b: 0.07843137, a: 0}
    key6: {r: 1, g: 0.8209606, b: 0.07843137, a: 0}
    key7: {r: 0, g: 0, b: 0, a: 0}
    ctime0: 0
    ctime1: 65535
    ctime2: 57054
    ctime3: 57054
    ctime4: 57054
    ctime5: 64571
    ctime6: 64571
    ctime7: 0
    atime0: 0
    atime1: 65535
    atime2: 0
    atime3: 0
    atime4: 0
    atime5: 0
    atime6: 0
    atime7: 0
    m_Mode: 0
    m_NumColorKeys: 2
    m_NumAlphaKeys: 2
  spacing: 0.1
  radius: 0.4
  count: 2
  sprinklePreviewType: 0
--- !u!1 &7647855591916386362
GameObject:
  m_ObjectHideFlags: 0
  m_CorrespondingSourceObject: {fileID: 0}
  m_PrefabInstance: {fileID: 0}
  m_PrefabAsset: {fileID: 0}
  serializedVersion: 6
  m_Component:
  - component: {fileID: 4774115544115360743}
  - component: {fileID: 4977965268581417654}
  m_Layer: 8
  m_Name: Option
  m_TagString: Untagged
  m_Icon: {fileID: 0}
  m_NavMeshLayer: 0
  m_StaticEditorFlags: 0
  m_IsActive: 1
--- !u!4 &4774115544115360743
Transform:
  m_ObjectHideFlags: 0
  m_CorrespondingSourceObject: {fileID: 0}
  m_PrefabInstance: {fileID: 0}
  m_PrefabAsset: {fileID: 0}
  m_GameObject: {fileID: 7647855591916386362}
  m_LocalRotation: {x: -0, y: -0, z: -0, w: 1}
  m_LocalPosition: {x: 0, y: 0, z: 0}
  m_LocalScale: {x: 1, y: 1, z: 1}
  m_Children: []
  m_Father: {fileID: 5429568886527333633}
  m_RootOrder: 3
  m_LocalEulerAnglesHint: {x: 0, y: 0, z: 0}
--- !u!114 &4977965268581417654
MonoBehaviour:
  m_ObjectHideFlags: 0
  m_CorrespondingSourceObject: {fileID: 0}
  m_PrefabInstance: {fileID: 0}
  m_PrefabAsset: {fileID: 0}
  m_GameObject: {fileID: 7647855591916386362}
  m_Enabled: 0
  m_EditorHideFlags: 0
  m_Script: {fileID: 11500000, guid: 552fb6fa4deaccb46ba7fa59819fc06a, type: 3}
  m_Name: 
  m_EditorClassIdentifier: 
  special: 0
  objects:
  - {fileID: 114986966024178736, guid: ab37bdefbae5a66439cc1215a71ecb11, type: 3}
  - {fileID: 2647852329520218456, guid: 8d4f907bba59f6e42b73731e08670013, type: 3}
  objectSizeX:
    serializedVersion: 2
    m_Curve:
    - serializedVersion: 3
      time: 0
      value: 0.05
      inSlope: 0
      outSlope: 0
      tangentMode: 0
      weightedMode: 3
      inWeight: 0
      outWeight: 0
    - serializedVersion: 3
      time: 1
      value: 0.06
      inSlope: 0
      outSlope: 0
      tangentMode: 0
      weightedMode: 3
      inWeight: 0
      outWeight: 0
    m_PreInfinity: 2
    m_PostInfinity: 2
    m_RotationOrder: 4
  objectSizeY:
    serializedVersion: 2
    m_Curve:
    - serializedVersion: 3
      time: 0
      value: 0.05
      inSlope: 0
      outSlope: 0
      tangentMode: 0
      weightedMode: 3
      inWeight: 0
      outWeight: 0
    - serializedVersion: 3
      time: 1
      value: 0.06
      inSlope: 0
      outSlope: 0
      tangentMode: 0
      weightedMode: 3
      inWeight: 0
      outWeight: 0
    m_PreInfinity: 2
    m_PostInfinity: 2
    m_RotationOrder: 4
  objectSizeZ:
    serializedVersion: 2
    m_Curve:
    - serializedVersion: 3
      time: 0
      value: 0.05
      inSlope: 0
      outSlope: 0
      tangentMode: 0
      weightedMode: 3
      inWeight: 0
      outWeight: 0
    - serializedVersion: 3
      time: 1
      value: 0.06
      inSlope: 0
      outSlope: 0
      tangentMode: 0
      weightedMode: 3
      inWeight: 0
      outWeight: 0
    m_PreInfinity: 2
    m_PostInfinity: 2
    m_RotationOrder: 4
  rotationX:
    serializedVersion: 2
    m_Curve:
    - serializedVersion: 3
      time: 0
      value: 0
      inSlope: 0
      outSlope: 0
      tangentMode: 0
      weightedMode: 3
      inWeight: 0
      outWeight: 0
    - serializedVersion: 3
      time: 1
      value: 0
      inSlope: 0
      outSlope: 0
      tangentMode: 0
      weightedMode: 3
      inWeight: 0
      outWeight: 0
    m_PreInfinity: 2
    m_PostInfinity: 2
    m_RotationOrder: 4
  rotationY:
    serializedVersion: 2
    m_Curve:
    - serializedVersion: 3
      time: 0
      value: 0
      inSlope: 0
      outSlope: 0
      tangentMode: 0
      weightedMode: 3
      inWeight: 0
      outWeight: 0
    - serializedVersion: 3
      time: 1
      value: 0
      inSlope: 0
      outSlope: 0
      tangentMode: 0
      weightedMode: 3
      inWeight: 0
      outWeight: 0
    m_PreInfinity: 2
    m_PostInfinity: 2
    m_RotationOrder: 4
  rotationZ:
    serializedVersion: 2
    m_Curve:
    - serializedVersion: 3
      time: 0
      value: 0
      inSlope: 0
      outSlope: 0
      tangentMode: 0
      weightedMode: 3
      inWeight: 0
      outWeight: 0
    - serializedVersion: 3
      time: 1
      value: 360
      inSlope: 0
      outSlope: 0
      tangentMode: 0
      weightedMode: 3
      inWeight: 0
      outWeight: 0
    m_PreInfinity: 2
    m_PostInfinity: 2
    m_RotationOrder: 4
  color:
    serializedVersion: 2
    key0: {r: 0.62513065, g: 0.07843137, b: 1, a: 1}
    key1: {r: 0.62513065, g: 0.07843137, b: 1, a: 1}
    key2: {r: 0.62513065, g: 0.07843137, b: 1, a: 0}
    key3: {r: 0.62513065, g: 0.07843137, b: 1, a: 0}
    key4: {r: 0.62513065, g: 0.07843137, b: 1, a: 0}
    key5: {r: 1, g: 0.8209606, b: 0.07843137, a: 0}
    key6: {r: 1, g: 0.8209606, b: 0.07843137, a: 0}
    key7: {r: 0, g: 0, b: 0, a: 0}
    ctime0: 0
    ctime1: 65535
    ctime2: 49151
    ctime3: 49151
    ctime4: 49151
    ctime5: 65342
    ctime6: 64571
    ctime7: 0
    atime0: 0
    atime1: 65535
    atime2: 0
    atime3: 0
    atime4: 0
    atime5: 0
    atime6: 0
    atime7: 0
    m_Mode: 0
    m_NumColorKeys: 2
    m_NumAlphaKeys: 2
  spacing: 0.1
  radius: 0.4
  count: 2
  sprinklePreviewType: 0
--- !u!1 &7898959866125537672
GameObject:
  m_ObjectHideFlags: 0
  m_CorrespondingSourceObject: {fileID: 0}
  m_PrefabInstance: {fileID: 0}
  m_PrefabAsset: {fileID: 0}
  serializedVersion: 6
  m_Component:
  - component: {fileID: 1582965276528018826}
  m_Layer: 0
  m_Name: previewCameraTransform
  m_TagString: Untagged
  m_Icon: {fileID: 0}
  m_NavMeshLayer: 0
  m_StaticEditorFlags: 0
  m_IsActive: 1
--- !u!4 &1582965276528018826
Transform:
  m_ObjectHideFlags: 0
  m_CorrespondingSourceObject: {fileID: 0}
  m_PrefabInstance: {fileID: 0}
  m_PrefabAsset: {fileID: 0}
  m_GameObject: {fileID: 7898959866125537672}
  m_LocalRotation: {x: 0.5, y: 0, z: 0, w: 0.8660254}
  m_LocalPosition: {x: 0, y: 6.6, z: -3.6}
  m_LocalScale: {x: 1, y: 1, z: 1}
  m_Children: []
  m_Father: {fileID: 3360201814841766544}
  m_RootOrder: 2
  m_LocalEulerAnglesHint: {x: 0, y: 0, z: 0}
--- !u!1 &8633709261171132454
GameObject:
  m_ObjectHideFlags: 0
  m_CorrespondingSourceObject: {fileID: 0}
  m_PrefabInstance: {fileID: 0}
  m_PrefabAsset: {fileID: 0}
  serializedVersion: 6
  m_Component:
  - component: {fileID: 3971676505128702743}
  m_Layer: 0
  m_Name: finishCameraTransform
  m_TagString: Untagged
  m_Icon: {fileID: 0}
  m_NavMeshLayer: 0
  m_StaticEditorFlags: 0
  m_IsActive: 1
--- !u!4 &3971676505128702743
Transform:
  m_ObjectHideFlags: 0
  m_CorrespondingSourceObject: {fileID: 0}
  m_PrefabInstance: {fileID: 0}
  m_PrefabAsset: {fileID: 0}
  m_GameObject: {fileID: 8633709261171132454}
  m_LocalRotation: {x: 0.5, y: 0, z: 0, w: 0.8660254}
  m_LocalPosition: {x: 0, y: 6.6, z: -3.6}
  m_LocalScale: {x: 1, y: 1, z: 1}
  m_Children: []
  m_Father: {fileID: 3360201814841766544}
  m_RootOrder: 1
  m_LocalEulerAnglesHint: {x: 0, y: 0, z: 0}
--- !u!1 &8975270606225451529
GameObject:
  m_ObjectHideFlags: 0
  m_CorrespondingSourceObject: {fileID: 0}
  m_PrefabInstance: {fileID: 0}
  m_PrefabAsset: {fileID: 0}
  serializedVersion: 6
  m_Component:
  - component: {fileID: 9040993386931190777}
  - component: {fileID: 927103546993124829}
  - component: {fileID: 8677906018533262355}
  - component: {fileID: 2908613195506214458}
  m_Layer: 8
  m_Name: StrokeManual 5
  m_TagString: Untagged
  m_Icon: {fileID: 0}
  m_NavMeshLayer: 0
  m_StaticEditorFlags: 0
  m_IsActive: 1
--- !u!4 &9040993386931190777
Transform:
  m_ObjectHideFlags: 0
  m_CorrespondingSourceObject: {fileID: 0}
  m_PrefabInstance: {fileID: 0}
  m_PrefabAsset: {fileID: 0}
  m_GameObject: {fileID: 8975270606225451529}
  m_LocalRotation: {x: 0, y: 0, z: 0, w: 1}
  m_LocalPosition: {x: 0, y: 0, z: 0}
  m_LocalScale: {x: 1, y: 1, z: 1}
  m_Children: []
  m_Father: {fileID: 4875747061100920615}
  m_RootOrder: 5
  m_LocalEulerAnglesHint: {x: 0, y: 0, z: 0}
--- !u!114 &927103546993124829
MonoBehaviour:
  m_ObjectHideFlags: 0
  m_CorrespondingSourceObject: {fileID: 0}
  m_PrefabInstance: {fileID: 0}
  m_PrefabAsset: {fileID: 0}
  m_GameObject: {fileID: 8975270606225451529}
  m_Enabled: 1
  m_EditorHideFlags: 0
  m_Script: {fileID: 11500000, guid: f6202143f93329f4596fcd4f38f4496e, type: 3}
  m_Name: 
  m_EditorClassIdentifier: 
  tip: {fileID: 4760252478746094373, guid: 0499a74804bbbed4083ca126c34374b8, type: 3}
  size:
    serializedVersion: 2
    m_Curve:
    - serializedVersion: 3
      time: 0
      value: 0.12338868
      inSlope: 0
      outSlope: 0
      tangentMode: 0
      weightedMode: 3
      inWeight: 0
      outWeight: 0
    - serializedVersion: 3
      time: 1
      value: 0.12338868
      inSlope: 0
      outSlope: 0
      tangentMode: 0
      weightedMode: 3
      inWeight: 0
      outWeight: 0
    m_PreInfinity: 2
    m_PostInfinity: 2
    m_RotationOrder: 4
  twist: 0
--- !u!114 &8677906018533262355
MonoBehaviour:
  m_ObjectHideFlags: 0
  m_CorrespondingSourceObject: {fileID: 0}
  m_PrefabInstance: {fileID: 0}
  m_PrefabAsset: {fileID: 0}
  m_GameObject: {fileID: 8975270606225451529}
  m_Enabled: 1
  m_EditorHideFlags: 0
  m_Script: {fileID: 11500000, guid: c25f2c3c6d52ab744a70ac080b3e3958, type: 3}
  m_Name: 
  m_EditorClassIdentifier: 
  svgPoints:
  - x: -0.4662443991503049
    y: -0.09565774870599832
  - x: -0.5185083007110121
    y: -0.1826193120509483
  - x: -0.5185952601180988
    y: -0.2914951933396102
  - x: -0.4662443991503049
    y: -0.3777610482546628
  - x: -0.4156327677907498
    y: -0.461157188829398
  - x: -0.3234535114744329
    y: -0.5111600877527442
  - x: -0.2254478256038898
    y: -0.5084642756399984
  - x: 124.2700023651123
    y: 231.6899995803833
  svgCommands: 0100000004000000040000000400000004000000040000000400000000000000
  reverse: 0
  offset: 0
--- !u!114 &2908613195506214458
MonoBehaviour:
  m_ObjectHideFlags: 0
  m_CorrespondingSourceObject: {fileID: 0}
  m_PrefabInstance: {fileID: 0}
  m_PrefabAsset: {fileID: 0}
  m_GameObject: {fileID: 8975270606225451529}
  m_Enabled: 1
  m_EditorHideFlags: 0
  m_Script: {fileID: 11500000, guid: 5120595cb07379d488e526d799bc1e6d, type: 3}
  m_Name: 
  m_EditorClassIdentifier: 
  path: {fileID: 8677906018533262355}
  sections:
  - weight: 1
    colors: 01000000
  options:
  - colors:
    - {r: 1, g: 0.14748773, b: 0, a: 1}
  - colors:
    - {r: 0, g: 0.6420536, b: 1, a: 1}
  - colors:
    - {r: 1, g: 0.7372549, b: 0.039215688, a: 1}
  - colors:
    - {r: 0.3882353, g: 0.2509804, b: 0.15686275, a: 1}
  - colors:
    - {r: 0.586988, g: 0, b: 1, a: 1}
  brush: {fileID: 927103546993124829}
  material: {fileID: 2100000, guid: 108036d14a7415f4b95df06c69a79ceb, type: 2}
--- !u!1001 &6486423192853044264
PrefabInstance:
  m_ObjectHideFlags: 0
  serializedVersion: 2
  m_Modification:
    m_TransformParent: {fileID: 3360201814841766544}
    m_Modifications:
    - target: {fileID: 794801451098536653, guid: 248f0d9ee379797409f7f88521ebc254,
        type: 3}
      propertyPath: cakeTexture
      value: 
      objectReference: {fileID: 2800000, guid: f10776c0a02f84a4bac402fd17274423, type: 3}
    - target: {fileID: 794801451098536653, guid: 248f0d9ee379797409f7f88521ebc254,
        type: 3}
      propertyPath: diskColor.b
      value: 0.8372642
      objectReference: {fileID: 0}
    - target: {fileID: 794801451098536653, guid: 248f0d9ee379797409f7f88521ebc254,
        type: 3}
      propertyPath: diskColor.g
      value: 0.6745283
      objectReference: {fileID: 0}
    - target: {fileID: 794801451098536653, guid: 248f0d9ee379797409f7f88521ebc254,
        type: 3}
      propertyPath: diskColor.r
      value: 1
      objectReference: {fileID: 0}
    - target: {fileID: 794801451098536653, guid: 248f0d9ee379797409f7f88521ebc254,
        type: 3}
      propertyPath: toppingColor.b
      value: 0.8867924
      objectReference: {fileID: 0}
    - target: {fileID: 794801451098536653, guid: 248f0d9ee379797409f7f88521ebc254,
        type: 3}
      propertyPath: toppingColor.g
      value: 0.8867924
      objectReference: {fileID: 0}
    - target: {fileID: 794801451098536653, guid: 248f0d9ee379797409f7f88521ebc254,
        type: 3}
      propertyPath: toppingColor.r
      value: 0.8867924
      objectReference: {fileID: 0}
    - target: {fileID: 1341202605574904496, guid: 248f0d9ee379797409f7f88521ebc254,
        type: 3}
      propertyPath: m_Name
      value: OctagonLSharp
      objectReference: {fileID: 0}
    - target: {fileID: 3372396551291567731, guid: 248f0d9ee379797409f7f88521ebc254,
        type: 3}
      propertyPath: m_RootOrder
      value: 12
      objectReference: {fileID: 0}
    - target: {fileID: 6955690194484411392, guid: 248f0d9ee379797409f7f88521ebc254,
        type: 3}
      propertyPath: m_RootOrder
      value: 0
      objectReference: {fileID: 0}
    - target: {fileID: 6955690194484411392, guid: 248f0d9ee379797409f7f88521ebc254,
        type: 3}
      propertyPath: m_LocalEulerAnglesHint.x
      value: 0
      objectReference: {fileID: 0}
    - target: {fileID: 6955690194484411392, guid: 248f0d9ee379797409f7f88521ebc254,
        type: 3}
      propertyPath: m_LocalEulerAnglesHint.y
      value: 0
      objectReference: {fileID: 0}
    - target: {fileID: 6955690194484411392, guid: 248f0d9ee379797409f7f88521ebc254,
        type: 3}
      propertyPath: m_LocalEulerAnglesHint.z
      value: 0
      objectReference: {fileID: 0}
    - target: {fileID: 7480134306532402153, guid: 248f0d9ee379797409f7f88521ebc254,
        type: 3}
      propertyPath: m_RootOrder
      value: 13
      objectReference: {fileID: 0}
    m_RemovedComponents: []
  m_SourcePrefab: {fileID: 100100000, guid: 248f0d9ee379797409f7f88521ebc254, type: 3}
--- !u!4 &4875747061100920615 stripped
Transform:
  m_CorrespondingSourceObject: {fileID: 1850493022598292239, guid: 248f0d9ee379797409f7f88521ebc254,
    type: 3}
  m_PrefabInstance: {fileID: 6486423192853044264}
  m_PrefabAsset: {fileID: 0}
--- !u!114 &5837742855085172453 stripped
MonoBehaviour:
  m_CorrespondingSourceObject: {fileID: 794801451098536653, guid: 248f0d9ee379797409f7f88521ebc254,
    type: 3}
  m_PrefabInstance: {fileID: 6486423192853044264}
  m_PrefabAsset: {fileID: 0}
  m_GameObject: {fileID: 0}
  m_Enabled: 0
  m_EditorHideFlags: 0
  m_Script: {fileID: 11500000, guid: d931adf55ff26eb4dab04b81b53ef544, type: 3}
  m_Name: 
  m_EditorClassIdentifier: 
--- !u!4 &4216482944983064616 stripped
Transform:
  m_CorrespondingSourceObject: {fileID: 6955690194484411392, guid: 248f0d9ee379797409f7f88521ebc254,
    type: 3}
  m_PrefabInstance: {fileID: 6486423192853044264}
  m_PrefabAsset: {fileID: 0}
