%YAML 1.1
%TAG !u! tag:unity3d.com,2011:
--- !u!1 &349382418275585383
GameObject:
  m_ObjectHideFlags: 0
  m_CorrespondingSourceObject: {fileID: 0}
  m_PrefabInstance: {fileID: 0}
  m_PrefabAsset: {fileID: 0}
  serializedVersion: 6
  m_Component:
  - component: {fileID: 7166060473892999886}
  - component: {fileID: 8431913071383275783}
  - component: {fileID: 3337814628677941982}
  - component: {fileID: 5858813284588874920}
  m_Layer: 8
  m_Name: StrokeManual 2
  m_TagString: Untagged
  m_Icon: {fileID: 0}
  m_NavMeshLayer: 0
  m_StaticEditorFlags: 0
  m_IsActive: 1
--- !u!4 &7166060473892999886
Transform:
  m_ObjectHideFlags: 0
  m_CorrespondingSourceObject: {fileID: 0}
  m_PrefabInstance: {fileID: 0}
  m_PrefabAsset: {fileID: 0}
  m_GameObject: {fileID: 349382418275585383}
  m_LocalRotation: {x: 0, y: 0, z: 0, w: 1}
  m_LocalPosition: {x: 0.898, y: -0.586, z: -0.045}
  m_LocalScale: {x: 0.6, y: 0.6, z: 1}
  m_Children: []
  m_Father: {fileID: 3190475399944033624}
  m_RootOrder: 2
  m_LocalEulerAnglesHint: {x: 0, y: 0, z: 0}
--- !u!114 &8431913071383275783
MonoBehaviour:
  m_ObjectHideFlags: 0
  m_CorrespondingSourceObject: {fileID: 0}
  m_PrefabInstance: {fileID: 0}
  m_PrefabAsset: {fileID: 0}
  m_GameObject: {fileID: 349382418275585383}
  m_Enabled: 1
  m_EditorHideFlags: 0
  m_Script: {fileID: 11500000, guid: f6202143f93329f4596fcd4f38f4496e, type: 3}
  m_Name: 
  m_EditorClassIdentifier: 
  tip: {fileID: 4760252478746094373, guid: 0499a74804bbbed4083ca126c34374b8, type: 3}
  size:
    serializedVersion: 2
    m_Curve:
    - serializedVersion: 3
      time: 0
      value: 0.1
      inSlope: 0
      outSlope: 0
      tangentMode: 0
      weightedMode: 3
      inWeight: 0
      outWeight: 0
    - serializedVersion: 3
      time: 1
      value: 0.1
      inSlope: 0
      outSlope: 0
      tangentMode: 0
      weightedMode: 3
      inWeight: 0
      outWeight: 0
    m_PreInfinity: 2
    m_PostInfinity: 2
    m_RotationOrder: 4
  twist: 0
--- !u!114 &3337814628677941982
MonoBehaviour:
  m_ObjectHideFlags: 0
  m_CorrespondingSourceObject: {fileID: 0}
  m_PrefabInstance: {fileID: 0}
  m_PrefabAsset: {fileID: 0}
  m_GameObject: {fileID: 349382418275585383}
  m_Enabled: 1
  m_EditorHideFlags: 0
  m_Script: {fileID: 11500000, guid: c25f2c3c6d52ab744a70ac080b3e3958, type: 3}
  m_Name: 
  m_EditorClassIdentifier: 
  svgPoints:
  - x: -0.9462323934956772
    y: 0.1689239180489659
  - x: -0.9384348467430684
    y: 0.17976959656991792
  - x: -0.932303139211884
    y: 0.17884806855740404
  - x: -0.9230878569741542
    y: 0.17998225736801904
  - x: -0.8802367933011556
    y: 0.1851569928921915
  - x: -0.8383072586969664
    y: 0.2204940575433827
  - x: -0.8283831092448237
    y: 0.259127358755516
  - x: -0.8188842792762924
    y: 0.29598848770643554
  - x: -0.8415326083252083
    y: 0.3697107456082747
  - x: -0.8710924011650125
    y: 0.3887438548213127
  - x: -0.927128406856598
    y: 0.4248606757322079
  - x: -0.989048020568246
    y: 0.4476153335957312
  - x: -1.0539094298395617
    y: 0.46235978179595344
  - x: -1.0641880139552065
    y: 0.4646990458217361
  - x: -1.074643814874454
    y: 0.4645927156867594
  - x: -1.078294486098898
    y: 0.4524356312875153
  - x: -1.0811299575972877
    y: 0.44283047144808113
  - x: -1.0743957127225936
    y: 0.4372658583222044
  - x: -1.0663500617055333
    y: 0.4326227732088415
  - x: -1.0314028746560464
    y: 0.4124554815229613
  - x: -0.9989012820313928
    y: 0.388637518612637
  - x: -0.9603388709208462
    y: 0.3738930704124147
  - x: -0.929963882052022
    y: 0.36226763668805406
  - x: -0.9055079378036898
    y: 0.34008007217354286
  - x: -0.9009711867864116
    y: 0.3032189432226233
  - x: -0.8987028094292554
    y: 0.2844339451399572
  - x: -0.901148403755061
    y: 0.2680236534931284
  - x: -0.9195080821890697
    y: 0.26047421047682306
  - x: -0.9370525626465136
    y: 0.2532792015958719
  - x: -0.9565464279435923
    y: 0.25193235251530355
  - x: -0.96866806914056
    y: 0.270823681525168
  - x: -0.9975544355915632
    y: 0.3159431228193965
  - x: -1.048203044960875
    y: 0.3346572350256578
  - x: -1.0858084904021827
    y: 0.3691082146025375
  - x: -1.0922237446078729
    y: 0.3749918178692705
  - x: -1.096228848383228
    y: 0.3871489025325885
  - x: -1.1096973391889118
    y: 0.3784298277674657
  - x: -1.1200113672990544
    y: 0.37176646982547185
  - x: -1.127915243922566
    y: 0.3641106958819683
  - x: -1.1271000457809548
    y: 0.35159917708329613
  - x: -1.126178517504367
    y: 0.3374572630576974
  - x: -1.122669621465693
    y: 0.32405965918471386
  - x: -1.1123910373500485
    y: 0.31275321824194807
  - x: -1.0898135941775375
    y: 0.2879428424990005
  - x: -1.0704969435714708
    y: 0.2594817955316088
  - x: -1.045084029428718
    y: 0.23821576219849797
  - x: -1.0278230967020756
    y: 0.22375485750389523
  - x: -1.0231091246560124
    y: 0.2110661229579154
  - x: -1.0312965490103256
    y: 0.193060875853476
  - x: -1.0391295392292845
    y: 0.1759062729977365
  - x: -1.050932190285396
    y: 0.1632884253844571
  - x: -1.0728007641309036
    y: 0.16204790564664376
  - x: -1.1300772916728932
    y: 0.15871622667564683
  - x: -1.1997944447430817
    y: 0.20681291333366592
  - x: -1.2096477125440015
    y: 0.2616438422256405
  - x: -1.2160275238114893
    y: 0.2968745770059289
  - x: -1.2292479087682788
    y: 0.3280647619037734
  - x: -1.2476075873673336
    y: 0.3581562072669781
  - x: -1.256149445328853
    y: 0.3721917914216741
  - x: -1.264903964088474
    y: 0.3877868859831872
  - x: -1.2824838885404155
    y: 0.38208049899190977
  - x: -1.298327085781937
    y: 0.3769412069340875
  - x: -1.3095271989663906
    y: 0.3610980091644185
  - x: -1.3113702549914183
    y: 0.3441206241685777
  - x: -1.3130360944769168
    y: 0.3292343989340682
  - x: -1.3122563398676745
    y: 0.3136747473107575
  - x: -1.3048132269203276
    y: 0.2987176351435476
  - x: -1.2907776427656317
    y: 0.2704338070923501
  - x: -1.278159795152352
    y: 0.24133478089954147
  - x: -1.2664634734389957
    y: 0.2119876478015429
  - x: -1.253951955696619
    y: 0.18065568692570672
  - x: -1.2721698599021254
    y: 0.14599204760702136
  - x: -1.299673933278062
    y: 0.1462755953378229
  - x: -1.3420996774674492
    y: 0.14673635947611677
  - x: -1.4145459726932725
    y: 0.21563831902598696
  - x: -1.4117459446612328
    y: 0.2622818256762394
  - x: -1.4081307184875824
    y: 0.3229254724866898
  - x: -1.4275536989645516
    y: 0.385589398463544
  - x: -1.397107823163027
    y: 0.4447089714676069
  svgCommands: 010000000400000004000000040000000400000004000000040000000400000004000000040000000400000004000000040000000400000004000000040000000400000004000000040000000400000004000000040000000400000004000000040000000400000004000000040000000400000004000000040000000400000004000000040000000400000004000000040000000400000004000000040000000400000004000000040000000400000004000000040000000400000004000000040000000400000004000000040000000400000004000000040000000400000004000000040000000400000004000000040000000400000004000000040000000400000004000000040000000400000004000000040000000400000004000000040000000400000004000000040000000400000004000000040000000400000004000000040000000400000004000000040000000400000004000000040000000400000004000000040000000400000004000000040000000400000004000000040000000400000004000000040000000400000004000000040000000400000004000000040000000400000004000000040000004f00000000000000
  reverse: 0
  offset: 0
--- !u!114 &5858813284588874920
MonoBehaviour:
  m_ObjectHideFlags: 0
  m_CorrespondingSourceObject: {fileID: 0}
  m_PrefabInstance: {fileID: 0}
  m_PrefabAsset: {fileID: 0}
  m_GameObject: {fileID: 349382418275585383}
  m_Enabled: 1
  m_EditorHideFlags: 0
  m_Script: {fileID: 11500000, guid: 5120595cb07379d488e526d799bc1e6d, type: 3}
  m_Name: 
  m_EditorClassIdentifier: 
  path: {fileID: 3337814628677941982}
  sections:
  - weight: 1
    colors: 01000000
  options:
  - colors:
    - {r: 0.99607843, g: 0.7019608, b: 0.2509804, a: 1}
  - colors:
    - {r: 0.79607844, g: 0.003921569, b: 0.003921569, a: 1}
  - colors:
    - {r: 0.60735065, g: 0.9150943, b: 0.21150766, a: 1}
  brush: {fileID: 8431913071383275783}
  material: {fileID: 2100000, guid: 108036d14a7415f4b95df06c69a79ceb, type: 2}
--- !u!1 &2128707566014733423
GameObject:
  m_ObjectHideFlags: 0
  m_CorrespondingSourceObject: {fileID: 0}
  m_PrefabInstance: {fileID: 0}
  m_PrefabAsset: {fileID: 0}
  serializedVersion: 6
  m_Component:
  - component: {fileID: 3440368464392813832}
  - component: {fileID: 626274343226394841}
  - component: {fileID: 3576595239251133253}
  - component: {fileID: 3758342430215251533}
  m_Layer: 8
  m_Name: StrokeManual 3
  m_TagString: Untagged
  m_Icon: {fileID: 0}
  m_NavMeshLayer: 0
  m_StaticEditorFlags: 0
  m_IsActive: 1
--- !u!4 &3440368464392813832
Transform:
  m_ObjectHideFlags: 0
  m_CorrespondingSourceObject: {fileID: 0}
  m_PrefabInstance: {fileID: 0}
  m_PrefabAsset: {fileID: 0}
  m_GameObject: {fileID: 2128707566014733423}
  m_LocalRotation: {x: 0, y: 0, z: 1, w: -0.00000004371139}
  m_LocalPosition: {x: 0.6690001, y: 0.68500024, z: -0.045000017}
  m_LocalScale: {x: -0.60000056, y: 0.6000005, z: 1}
  m_Children: []
  m_Father: {fileID: 3190475399944033624}
  m_RootOrder: 3
  m_LocalEulerAnglesHint: {x: 0, y: 0, z: 0}
--- !u!114 &626274343226394841
MonoBehaviour:
  m_ObjectHideFlags: 0
  m_CorrespondingSourceObject: {fileID: 0}
  m_PrefabInstance: {fileID: 0}
  m_PrefabAsset: {fileID: 0}
  m_GameObject: {fileID: 2128707566014733423}
  m_Enabled: 1
  m_EditorHideFlags: 0
  m_Script: {fileID: 11500000, guid: f6202143f93329f4596fcd4f38f4496e, type: 3}
  m_Name: 
  m_EditorClassIdentifier: 
  tip: {fileID: 4760252478746094373, guid: 0499a74804bbbed4083ca126c34374b8, type: 3}
  size:
    serializedVersion: 2
    m_Curve:
    - serializedVersion: 3
      time: 0
      value: 0.1
      inSlope: 0
      outSlope: 0
      tangentMode: 0
      weightedMode: 3
      inWeight: 0
      outWeight: 0
    - serializedVersion: 3
      time: 1
      value: 0.1
      inSlope: 0
      outSlope: 0
      tangentMode: 0
      weightedMode: 3
      inWeight: 0
      outWeight: 0
    m_PreInfinity: 2
    m_PostInfinity: 2
    m_RotationOrder: 4
  twist: 0
--- !u!114 &3576595239251133253
MonoBehaviour:
  m_ObjectHideFlags: 0
  m_CorrespondingSourceObject: {fileID: 0}
  m_PrefabInstance: {fileID: 0}
  m_PrefabAsset: {fileID: 0}
  m_GameObject: {fileID: 2128707566014733423}
  m_Enabled: 1
  m_EditorHideFlags: 0
  m_Script: {fileID: 11500000, guid: c25f2c3c6d52ab744a70ac080b3e3958, type: 3}
  m_Name: 
  m_EditorClassIdentifier: 
  svgPoints:
  - x: -0.9462323934956772
    y: 0.1689239180489659
  - x: -0.9384348467430684
    y: 0.17976959656991792
  - x: -0.932303139211884
    y: 0.17884806855740404
  - x: -0.9230878569741542
    y: 0.17998225736801904
  - x: -0.8802367933011556
    y: 0.1851569928921915
  - x: -0.8383072586969664
    y: 0.2204940575433827
  - x: -0.8283831092448237
    y: 0.259127358755516
  - x: -0.8188842792762924
    y: 0.29598848770643554
  - x: -0.8415326083252083
    y: 0.3697107456082747
  - x: -0.8710924011650125
    y: 0.3887438548213127
  - x: -0.927128406856598
    y: 0.4248606757322079
  - x: -0.989048020568246
    y: 0.4476153335957312
  - x: -1.0539094298395617
    y: 0.46235978179595344
  - x: -1.0641880139552065
    y: 0.4646990458217361
  - x: -1.074643814874454
    y: 0.4645927156867594
  - x: -1.078294486098898
    y: 0.4524356312875153
  - x: -1.0811299575972877
    y: 0.44283047144808113
  - x: -1.0743957127225936
    y: 0.4372658583222044
  - x: -1.0663500617055333
    y: 0.4326227732088415
  - x: -1.0314028746560464
    y: 0.4124554815229613
  - x: -0.9989012820313928
    y: 0.388637518612637
  - x: -0.9603388709208462
    y: 0.3738930704124147
  - x: -0.929963882052022
    y: 0.36226763668805406
  - x: -0.9055079378036898
    y: 0.34008007217354286
  - x: -0.9009711867864116
    y: 0.3032189432226233
  - x: -0.8987028094292554
    y: 0.2844339451399572
  - x: -0.901148403755061
    y: 0.2680236534931284
  - x: -0.9195080821890697
    y: 0.26047421047682306
  - x: -0.9370525626465136
    y: 0.2532792015958719
  - x: -0.9565464279435923
    y: 0.25193235251530355
  - x: -0.96866806914056
    y: 0.270823681525168
  - x: -0.9975544355915632
    y: 0.3159431228193965
  - x: -1.048203044960875
    y: 0.3346572350256578
  - x: -1.0858084904021827
    y: 0.3691082146025375
  - x: -1.0922237446078729
    y: 0.3749918178692705
  - x: -1.096228848383228
    y: 0.3871489025325885
  - x: -1.1096973391889118
    y: 0.3784298277674657
  - x: -1.1200113672990544
    y: 0.37176646982547185
  - x: -1.127915243922566
    y: 0.3641106958819683
  - x: -1.1271000457809548
    y: 0.35159917708329613
  - x: -1.126178517504367
    y: 0.3374572630576974
  - x: -1.122669621465693
    y: 0.32405965918471386
  - x: -1.1123910373500485
    y: 0.31275321824194807
  - x: -1.0898135941775375
    y: 0.2879428424990005
  - x: -1.0704969435714708
    y: 0.2594817955316088
  - x: -1.045084029428718
    y: 0.23821576219849797
  - x: -1.0278230967020756
    y: 0.22375485750389523
  - x: -1.0231091246560124
    y: 0.2110661229579154
  - x: -1.0312965490103256
    y: 0.193060875853476
  - x: -1.0391295392292845
    y: 0.1759062729977365
  - x: -1.050932190285396
    y: 0.1632884253844571
  - x: -1.0728007641309036
    y: 0.16204790564664376
  - x: -1.1300772916728932
    y: 0.15871622667564683
  - x: -1.1997944447430817
    y: 0.20681291333366592
  - x: -1.2096477125440015
    y: 0.2616438422256405
  - x: -1.2160275238114893
    y: 0.2968745770059289
  - x: -1.2292479087682788
    y: 0.3280647619037734
  - x: -1.2476075873673336
    y: 0.3581562072669781
  - x: -1.256149445328853
    y: 0.3721917914216741
  - x: -1.264903964088474
    y: 0.3877868859831872
  - x: -1.2824838885404155
    y: 0.38208049899190977
  - x: -1.298327085781937
    y: 0.3769412069340875
  - x: -1.3095271989663906
    y: 0.3610980091644185
  - x: -1.3113702549914183
    y: 0.3441206241685777
  - x: -1.3130360944769168
    y: 0.3292343989340682
  - x: -1.3122563398676745
    y: 0.3136747473107575
  - x: -1.3048132269203276
    y: 0.2987176351435476
  - x: -1.2907776427656317
    y: 0.2704338070923501
  - x: -1.278159795152352
    y: 0.24133478089954147
  - x: -1.2664634734389957
    y: 0.2119876478015429
  - x: -1.253951955696619
    y: 0.18065568692570672
  - x: -1.2721698599021254
    y: 0.14599204760702136
  - x: -1.299673933278062
    y: 0.1462755953378229
  - x: -1.3420996774674492
    y: 0.14673635947611677
  - x: -1.4145459726932725
    y: 0.21563831902598696
  - x: -1.4117459446612328
    y: 0.2622818256762394
  - x: -1.4081307184875824
    y: 0.3229254724866898
  - x: -1.4275536989645516
    y: 0.385589398463544
  - x: -1.397107823163027
    y: 0.4447089714676069
  svgCommands: 010000000400000004000000040000000400000004000000040000000400000004000000040000000400000004000000040000000400000004000000040000000400000004000000040000000400000004000000040000000400000004000000040000000400000004000000040000000400000004000000040000000400000004000000040000000400000004000000040000000400000004000000040000000400000004000000040000000400000004000000040000000400000004000000040000000400000004000000040000000400000004000000040000000400000004000000040000000400000004000000040000000400000004000000040000000400000004000000040000000400000004000000040000000400000004000000040000000400000004000000040000000400000004000000040000000400000004000000040000000400000004000000040000000400000004000000040000000400000004000000040000000400000004000000040000000400000004000000040000000400000004000000040000000400000004000000040000000400000004000000040000000400000004000000040000004f00000000000000
  reverse: 0
  offset: 0
--- !u!114 &3758342430215251533
MonoBehaviour:
  m_ObjectHideFlags: 0
  m_CorrespondingSourceObject: {fileID: 0}
  m_PrefabInstance: {fileID: 0}
  m_PrefabAsset: {fileID: 0}
  m_GameObject: {fileID: 2128707566014733423}
  m_Enabled: 1
  m_EditorHideFlags: 0
  m_Script: {fileID: 11500000, guid: 5120595cb07379d488e526d799bc1e6d, type: 3}
  m_Name: 
  m_EditorClassIdentifier: 
  path: {fileID: 3576595239251133253}
  sections:
  - weight: 1
    colors: 01000000
  options:
  - colors:
    - {r: 0.99607843, g: 0.7019608, b: 0.2509804, a: 1}
  - colors:
    - {r: 0.79607844, g: 0.003921569, b: 0.003921569, a: 1}
  - colors:
    - {r: 0.60735065, g: 0.9150943, b: 0.21150766, a: 1}
  brush: {fileID: 626274343226394841}
  material: {fileID: 2100000, guid: 108036d14a7415f4b95df06c69a79ceb, type: 2}
--- !u!1 &2202884542154878034
GameObject:
  m_ObjectHideFlags: 0
  m_CorrespondingSourceObject: {fileID: 0}
  m_PrefabInstance: {fileID: 0}
  m_PrefabAsset: {fileID: 0}
  serializedVersion: 6
  m_Component:
  - component: {fileID: 7710928489763435745}
  - component: {fileID: 5954319396498775299}
  m_Layer: 8
  m_Name: Option
  m_TagString: Untagged
  m_Icon: {fileID: 0}
  m_NavMeshLayer: 0
  m_StaticEditorFlags: 0
  m_IsActive: 1
--- !u!4 &7710928489763435745
Transform:
  m_ObjectHideFlags: 0
  m_CorrespondingSourceObject: {fileID: 0}
  m_PrefabInstance: {fileID: 0}
  m_PrefabAsset: {fileID: 0}
  m_GameObject: {fileID: 2202884542154878034}
  m_LocalRotation: {x: -0, y: -0, z: -0, w: 1}
  m_LocalPosition: {x: 0, y: 0, z: 0}
  m_LocalScale: {x: 1, y: 1, z: 1}
  m_Children: []
  m_Father: {fileID: 6553910096719177494}
  m_RootOrder: 3
  m_LocalEulerAnglesHint: {x: 0, y: 0, z: 0}
--- !u!114 &5954319396498775299
MonoBehaviour:
  m_ObjectHideFlags: 0
  m_CorrespondingSourceObject: {fileID: 0}
  m_PrefabInstance: {fileID: 0}
  m_PrefabAsset: {fileID: 0}
  m_GameObject: {fileID: 2202884542154878034}
  m_Enabled: 0
  m_EditorHideFlags: 0
  m_Script: {fileID: 11500000, guid: 552fb6fa4deaccb46ba7fa59819fc06a, type: 3}
  m_Name: 
  m_EditorClassIdentifier: 
  special: 0
  objects:
  - {fileID: 114986966024178736, guid: ab37bdefbae5a66439cc1215a71ecb11, type: 3}
  - {fileID: 2647852329520218456, guid: 8d4f907bba59f6e42b73731e08670013, type: 3}
  objectSizeX:
    serializedVersion: 2
    m_Curve:
    - serializedVersion: 3
      time: 0
      value: 0.05
      inSlope: 0
      outSlope: 0
      tangentMode: 0
      weightedMode: 3
      inWeight: 0
      outWeight: 0
    - serializedVersion: 3
      time: 1
      value: 0.06
      inSlope: 0
      outSlope: 0
      tangentMode: 0
      weightedMode: 3
      inWeight: 0
      outWeight: 0
    m_PreInfinity: 2
    m_PostInfinity: 2
    m_RotationOrder: 4
  objectSizeY:
    serializedVersion: 2
    m_Curve:
    - serializedVersion: 3
      time: 0
      value: 0.05
      inSlope: 0
      outSlope: 0
      tangentMode: 0
      weightedMode: 3
      inWeight: 0
      outWeight: 0
    - serializedVersion: 3
      time: 1
      value: 0.06
      inSlope: 0
      outSlope: 0
      tangentMode: 0
      weightedMode: 3
      inWeight: 0
      outWeight: 0
    m_PreInfinity: 2
    m_PostInfinity: 2
    m_RotationOrder: 4
  objectSizeZ:
    serializedVersion: 2
    m_Curve:
    - serializedVersion: 3
      time: 0
      value: 0.05
      inSlope: 0
      outSlope: 0
      tangentMode: 0
      weightedMode: 3
      inWeight: 0
      outWeight: 0
    - serializedVersion: 3
      time: 1
      value: 0.06
      inSlope: 0
      outSlope: 0
      tangentMode: 0
      weightedMode: 3
      inWeight: 0
      outWeight: 0
    m_PreInfinity: 2
    m_PostInfinity: 2
    m_RotationOrder: 4
  rotationX:
    serializedVersion: 2
    m_Curve:
    - serializedVersion: 3
      time: 0
      value: 0
      inSlope: 0
      outSlope: 0
      tangentMode: 0
      weightedMode: 3
      inWeight: 0
      outWeight: 0
    - serializedVersion: 3
      time: 1
      value: 0
      inSlope: 0
      outSlope: 0
      tangentMode: 0
      weightedMode: 3
      inWeight: 0
      outWeight: 0
    m_PreInfinity: 2
    m_PostInfinity: 2
    m_RotationOrder: 4
  rotationY:
    serializedVersion: 2
    m_Curve:
    - serializedVersion: 3
      time: 0
      value: 0
      inSlope: 0
      outSlope: 0
      tangentMode: 0
      weightedMode: 3
      inWeight: 0
      outWeight: 0
    - serializedVersion: 3
      time: 1
      value: 0
      inSlope: 0
      outSlope: 0
      tangentMode: 0
      weightedMode: 3
      inWeight: 0
      outWeight: 0
    m_PreInfinity: 2
    m_PostInfinity: 2
    m_RotationOrder: 4
  rotationZ:
    serializedVersion: 2
    m_Curve:
    - serializedVersion: 3
      time: 0
      value: 0
      inSlope: 0
      outSlope: 0
      tangentMode: 0
      weightedMode: 3
      inWeight: 0
      outWeight: 0
    - serializedVersion: 3
      time: 1
      value: 360
      inSlope: 0
      outSlope: 0
      tangentMode: 0
      weightedMode: 3
      inWeight: 0
      outWeight: 0
    m_PreInfinity: 2
    m_PostInfinity: 2
    m_RotationOrder: 4
  color:
    serializedVersion: 2
    key0: {r: 0.62513065, g: 0.07843137, b: 1, a: 1}
    key1: {r: 0.62513065, g: 0.07843137, b: 1, a: 1}
    key2: {r: 0.62513065, g: 0.07843137, b: 1, a: 0}
    key3: {r: 0.62513065, g: 0.07843137, b: 1, a: 0}
    key4: {r: 0.62513065, g: 0.07843137, b: 1, a: 0}
    key5: {r: 1, g: 0.8209606, b: 0.07843137, a: 0}
    key6: {r: 1, g: 0.8209606, b: 0.07843137, a: 0}
    key7: {r: 0, g: 0, b: 0, a: 0}
    ctime0: 0
    ctime1: 65535
    ctime2: 49151
    ctime3: 49151
    ctime4: 49151
    ctime5: 65342
    ctime6: 64571
    ctime7: 0
    atime0: 0
    atime1: 65535
    atime2: 0
    atime3: 0
    atime4: 0
    atime5: 0
    atime6: 0
    atime7: 0
    m_Mode: 0
    m_NumColorKeys: 2
    m_NumAlphaKeys: 2
  spacing: 0.1
  radius: 0.4
  count: 2
  sprinklePreviewType: 0
--- !u!1 &2306333606851030608
GameObject:
  m_ObjectHideFlags: 0
  m_CorrespondingSourceObject: {fileID: 0}
  m_PrefabInstance: {fileID: 0}
  m_PrefabAsset: {fileID: 0}
  serializedVersion: 6
  m_Component:
  - component: {fileID: 6553910096719177494}
  m_Layer: 8
  m_Name: Options
  m_TagString: Untagged
  m_Icon: {fileID: 0}
  m_NavMeshLayer: 0
  m_StaticEditorFlags: 0
  m_IsActive: 1
--- !u!4 &6553910096719177494
Transform:
  m_ObjectHideFlags: 0
  m_CorrespondingSourceObject: {fileID: 0}
  m_PrefabInstance: {fileID: 0}
  m_PrefabAsset: {fileID: 0}
  m_GameObject: {fileID: 2306333606851030608}
  m_LocalRotation: {x: 0, y: 0, z: 0, w: 1}
  m_LocalPosition: {x: 0, y: 0, z: 0}
  m_LocalScale: {x: 1, y: 1, z: 1}
  m_Children:
  - {fileID: 2753498732189562445}
  - {fileID: 337759267359934941}
  - {fileID: 5270561755931376315}
  - {fileID: 7710928489763435745}
  - {fileID: 3427081801258068994}
  m_Father: {fileID: 4984191209811155961}
  m_RootOrder: 0
  m_LocalEulerAnglesHint: {x: 0, y: 0, z: 0}
--- !u!1 &3283829071466910007
GameObject:
  m_ObjectHideFlags: 0
  m_CorrespondingSourceObject: {fileID: 0}
  m_PrefabInstance: {fileID: 0}
  m_PrefabAsset: {fileID: 0}
  serializedVersion: 6
  m_Component:
  - component: {fileID: 567414352735470898}
  - component: {fileID: 7145019325714028619}
  m_Layer: 0
  m_Name: c2_thang_024
  m_TagString: Untagged
  m_Icon: {fileID: 0}
  m_NavMeshLayer: 0
  m_StaticEditorFlags: 0
  m_IsActive: 1
--- !u!4 &567414352735470898
Transform:
  m_ObjectHideFlags: 0
  m_CorrespondingSourceObject: {fileID: 0}
  m_PrefabInstance: {fileID: 0}
  m_PrefabAsset: {fileID: 0}
  m_GameObject: {fileID: 3283829071466910007}
  m_LocalRotation: {x: -0, y: -0, z: -0, w: 1}
  m_LocalPosition: {x: 0, y: 0, z: 0}
  m_LocalScale: {x: 1, y: 1, z: 1}
  m_Children:
  - {fileID: 6156155160183638615}
  - {fileID: 8263057319786397568}
  - {fileID: 1864735721109754049}
  m_Father: {fileID: 0}
  m_RootOrder: 0
  m_LocalEulerAnglesHint: {x: 0, y: 0, z: 0}
--- !u!114 &7145019325714028619
MonoBehaviour:
  m_ObjectHideFlags: 0
  m_CorrespondingSourceObject: {fileID: 0}
  m_PrefabInstance: {fileID: 0}
  m_PrefabAsset: {fileID: 0}
  m_GameObject: {fileID: 3283829071466910007}
  m_Enabled: 1
  m_EditorHideFlags: 0
  m_Script: {fileID: 11500000, guid: f522867c3f9eb3e4bb325c968c25314e, type: 3}
  m_Name: 
  m_EditorClassIdentifier: 
  layers:
  - {fileID: 4534894288210185370}
  backgroundColor: {r: 1, g: 0.5647059, b: 0.5568628, a: 1}
  glitterStroke: 0
  glitterCake: 0
  newPreview: 0
  strokeRate: 0.5
  sprinkleRate: 0.5
  diskColor: {r: 1, g: 0.7636918, b: 0.759434, a: 1}
  type: 0
  previewCameraTransform: {fileID: 1864735721109754049}
  previewCameraSize: 2
  previewCameraSizeForSelection: 2.2
  finishCameraTransform: {fileID: 8263057319786397568}
  previewScale: 1
  specialStroke: 0
  specialFill: 0
--- !u!1 &4166530588327252427
GameObject:
  m_ObjectHideFlags: 0
  m_CorrespondingSourceObject: {fileID: 0}
  m_PrefabInstance: {fileID: 0}
  m_PrefabAsset: {fileID: 0}
  serializedVersion: 6
  m_Component:
  - component: {fileID: 8263057319786397568}
  m_Layer: 0
  m_Name: finishCameraTransform
  m_TagString: Untagged
  m_Icon: {fileID: 0}
  m_NavMeshLayer: 0
  m_StaticEditorFlags: 0
  m_IsActive: 1
--- !u!4 &8263057319786397568
Transform:
  m_ObjectHideFlags: 0
  m_CorrespondingSourceObject: {fileID: 0}
  m_PrefabInstance: {fileID: 0}
  m_PrefabAsset: {fileID: 0}
  m_GameObject: {fileID: 4166530588327252427}
  m_LocalRotation: {x: 0.5, y: 0, z: 0, w: 0.8660254}
  m_LocalPosition: {x: 0, y: 6.6, z: -3.6}
  m_LocalScale: {x: 1, y: 1, z: 1}
  m_Children: []
  m_Father: {fileID: 567414352735470898}
  m_RootOrder: 1
  m_LocalEulerAnglesHint: {x: 0, y: 0, z: 0}
--- !u!1 &4811519737149276470
GameObject:
  m_ObjectHideFlags: 0
  m_CorrespondingSourceObject: {fileID: 0}
  m_PrefabInstance: {fileID: 0}
  m_PrefabAsset: {fileID: 0}
  serializedVersion: 6
  m_Component:
  - component: {fileID: 337759267359934941}
  - component: {fileID: 6839645699946601940}
  m_Layer: 8
  m_Name: Option
  m_TagString: Untagged
  m_Icon: {fileID: 0}
  m_NavMeshLayer: 0
  m_StaticEditorFlags: 0
  m_IsActive: 1
--- !u!4 &337759267359934941
Transform:
  m_ObjectHideFlags: 0
  m_CorrespondingSourceObject: {fileID: 0}
  m_PrefabInstance: {fileID: 0}
  m_PrefabAsset: {fileID: 0}
  m_GameObject: {fileID: 4811519737149276470}
  m_LocalRotation: {x: -0, y: -0, z: -0, w: 1}
  m_LocalPosition: {x: 0, y: 0, z: 0}
  m_LocalScale: {x: 1, y: 1, z: 1}
  m_Children: []
  m_Father: {fileID: 6553910096719177494}
  m_RootOrder: 1
  m_LocalEulerAnglesHint: {x: 0, y: 0, z: 0}
--- !u!114 &6839645699946601940
MonoBehaviour:
  m_ObjectHideFlags: 0
  m_CorrespondingSourceObject: {fileID: 0}
  m_PrefabInstance: {fileID: 0}
  m_PrefabAsset: {fileID: 0}
  m_GameObject: {fileID: 4811519737149276470}
  m_Enabled: 0
  m_EditorHideFlags: 0
  m_Script: {fileID: 11500000, guid: 552fb6fa4deaccb46ba7fa59819fc06a, type: 3}
  m_Name: 
  m_EditorClassIdentifier: 
  special: 0
  objects:
  - {fileID: 114986966024178736, guid: ab37bdefbae5a66439cc1215a71ecb11, type: 3}
  - {fileID: 2647852329520218456, guid: 8d4f907bba59f6e42b73731e08670013, type: 3}
  objectSizeX:
    serializedVersion: 2
    m_Curve:
    - serializedVersion: 3
      time: 0
      value: 0.05
      inSlope: 0
      outSlope: 0
      tangentMode: 0
      weightedMode: 3
      inWeight: 0
      outWeight: 0
    - serializedVersion: 3
      time: 1
      value: 0.06
      inSlope: 0
      outSlope: 0
      tangentMode: 0
      weightedMode: 3
      inWeight: 0
      outWeight: 0
    m_PreInfinity: 2
    m_PostInfinity: 2
    m_RotationOrder: 4
  objectSizeY:
    serializedVersion: 2
    m_Curve:
    - serializedVersion: 3
      time: 0
      value: 0.05
      inSlope: 0
      outSlope: 0
      tangentMode: 0
      weightedMode: 3
      inWeight: 0
      outWeight: 0
    - serializedVersion: 3
      time: 1
      value: 0.06
      inSlope: 0
      outSlope: 0
      tangentMode: 0
      weightedMode: 3
      inWeight: 0
      outWeight: 0
    m_PreInfinity: 2
    m_PostInfinity: 2
    m_RotationOrder: 4
  objectSizeZ:
    serializedVersion: 2
    m_Curve:
    - serializedVersion: 3
      time: 0
      value: 0.05
      inSlope: 0
      outSlope: 0
      tangentMode: 0
      weightedMode: 3
      inWeight: 0
      outWeight: 0
    - serializedVersion: 3
      time: 1
      value: 0.06
      inSlope: 0
      outSlope: 0
      tangentMode: 0
      weightedMode: 3
      inWeight: 0
      outWeight: 0
    m_PreInfinity: 2
    m_PostInfinity: 2
    m_RotationOrder: 4
  rotationX:
    serializedVersion: 2
    m_Curve:
    - serializedVersion: 3
      time: 0
      value: 0
      inSlope: 0
      outSlope: 0
      tangentMode: 0
      weightedMode: 3
      inWeight: 0
      outWeight: 0
    - serializedVersion: 3
      time: 1
      value: 0
      inSlope: 0
      outSlope: 0
      tangentMode: 0
      weightedMode: 3
      inWeight: 0
      outWeight: 0
    m_PreInfinity: 2
    m_PostInfinity: 2
    m_RotationOrder: 4
  rotationY:
    serializedVersion: 2
    m_Curve:
    - serializedVersion: 3
      time: 0
      value: 0
      inSlope: 0
      outSlope: 0
      tangentMode: 0
      weightedMode: 3
      inWeight: 0
      outWeight: 0
    - serializedVersion: 3
      time: 1
      value: 0
      inSlope: 0
      outSlope: 0
      tangentMode: 0
      weightedMode: 3
      inWeight: 0
      outWeight: 0
    m_PreInfinity: 2
    m_PostInfinity: 2
    m_RotationOrder: 4
  rotationZ:
    serializedVersion: 2
    m_Curve:
    - serializedVersion: 3
      time: 0
      value: 0
      inSlope: 0
      outSlope: 0
      tangentMode: 0
      weightedMode: 3
      inWeight: 0
      outWeight: 0
    - serializedVersion: 3
      time: 1
      value: 360
      inSlope: 0
      outSlope: 0
      tangentMode: 0
      weightedMode: 3
      inWeight: 0
      outWeight: 0
    m_PreInfinity: 2
    m_PostInfinity: 2
    m_RotationOrder: 4
  color:
    serializedVersion: 2
    key0: {r: 0.21856683, g: 1, b: 0.08018869, a: 1}
    key1: {r: 0.21856683, g: 1, b: 0.08018869, a: 1}
    key2: {r: 1, g: 0.07843137, b: 0.46137494, a: 0}
    key3: {r: 1, g: 0.07843137, b: 0.46137494, a: 0}
    key4: {r: 1, g: 0.07843137, b: 0.46137494, a: 0}
    key5: {r: 1, g: 0.07843137, b: 0.46137494, a: 0}
    key6: {r: 1, g: 0.8209606, b: 0.07843137, a: 0}
    key7: {r: 0, g: 0, b: 0, a: 0}
    ctime0: 0
    ctime1: 65535
    ctime2: 57054
    ctime3: 57054
    ctime4: 57054
    ctime5: 57054
    ctime6: 65150
    ctime7: 0
    atime0: 0
    atime1: 65535
    atime2: 0
    atime3: 0
    atime4: 0
    atime5: 0
    atime6: 0
    atime7: 0
    m_Mode: 0
    m_NumColorKeys: 2
    m_NumAlphaKeys: 2
  spacing: 0.1
  radius: 0.4
  count: 2
  sprinklePreviewType: 0
--- !u!1 &4925994563864523849
GameObject:
  m_ObjectHideFlags: 0
  m_CorrespondingSourceObject: {fileID: 0}
  m_PrefabInstance: {fileID: 0}
  m_PrefabAsset: {fileID: 0}
  serializedVersion: 6
  m_Component:
  - component: {fileID: 2753498732189562445}
  - component: {fileID: 1277992530566778469}
  m_Layer: 8
  m_Name: Option
  m_TagString: Untagged
  m_Icon: {fileID: 0}
  m_NavMeshLayer: 0
  m_StaticEditorFlags: 0
  m_IsActive: 1
--- !u!4 &2753498732189562445
Transform:
  m_ObjectHideFlags: 0
  m_CorrespondingSourceObject: {fileID: 0}
  m_PrefabInstance: {fileID: 0}
  m_PrefabAsset: {fileID: 0}
  m_GameObject: {fileID: 4925994563864523849}
  m_LocalRotation: {x: -0, y: -0, z: -0, w: 1}
  m_LocalPosition: {x: 0, y: 0, z: 0}
  m_LocalScale: {x: 0.8, y: 0.8, z: 1}
  m_Children: []
  m_Father: {fileID: 6553910096719177494}
  m_RootOrder: 0
  m_LocalEulerAnglesHint: {x: 0, y: 0, z: 0}
--- !u!114 &1277992530566778469
MonoBehaviour:
  m_ObjectHideFlags: 0
  m_CorrespondingSourceObject: {fileID: 0}
  m_PrefabInstance: {fileID: 0}
  m_PrefabAsset: {fileID: 0}
  m_GameObject: {fileID: 4925994563864523849}
  m_Enabled: 0
  m_EditorHideFlags: 0
  m_Script: {fileID: 11500000, guid: 552fb6fa4deaccb46ba7fa59819fc06a, type: 3}
  m_Name: 
  m_EditorClassIdentifier: 
  special: 0
  objects:
  - {fileID: 114986966024178736, guid: ab37bdefbae5a66439cc1215a71ecb11, type: 3}
  objectSizeX:
    serializedVersion: 2
    m_Curve:
    - serializedVersion: 3
      time: 0
      value: 0.124737546
      inSlope: 0
      outSlope: 0
      tangentMode: 0
      weightedMode: 3
      inWeight: 0
      outWeight: 0
    - serializedVersion: 3
      time: 1
      value: 0.13473755
      inSlope: 0
      outSlope: 0
      tangentMode: 0
      weightedMode: 3
      inWeight: 0
      outWeight: 0
    m_PreInfinity: 2
    m_PostInfinity: 2
    m_RotationOrder: 4
  objectSizeY:
    serializedVersion: 2
    m_Curve:
    - serializedVersion: 3
      time: 0
      value: 0.031811524
      inSlope: 0
      outSlope: 0
      tangentMode: 0
      weightedMode: 3
      inWeight: 0
      outWeight: 0
    - serializedVersion: 3
      time: 1
      value: 0.041811522
      inSlope: 0
      outSlope: 0
      tangentMode: 0
      weightedMode: 3
      inWeight: 0
      outWeight: 0
    m_PreInfinity: 2
    m_PostInfinity: 2
    m_RotationOrder: 4
  objectSizeZ:
    serializedVersion: 2
    m_Curve:
    - serializedVersion: 3
      time: 0
      value: 0.05
      inSlope: 0
      outSlope: 0
      tangentMode: 0
      weightedMode: 3
      inWeight: 0
      outWeight: 0
    - serializedVersion: 3
      time: 1
      value: 0.06
      inSlope: 0
      outSlope: 0
      tangentMode: 0
      weightedMode: 3
      inWeight: 0
      outWeight: 0
    m_PreInfinity: 2
    m_PostInfinity: 2
    m_RotationOrder: 4
  rotationX:
    serializedVersion: 2
    m_Curve:
    - serializedVersion: 3
      time: 0
      value: 0
      inSlope: 0
      outSlope: 0
      tangentMode: 0
      weightedMode: 3
      inWeight: 0
      outWeight: 0
    - serializedVersion: 3
      time: 1
      value: 0
      inSlope: 0
      outSlope: 0
      tangentMode: 0
      weightedMode: 3
      inWeight: 0
      outWeight: 0
    m_PreInfinity: 2
    m_PostInfinity: 2
    m_RotationOrder: 4
  rotationY:
    serializedVersion: 2
    m_Curve:
    - serializedVersion: 3
      time: 0
      value: 0
      inSlope: 0
      outSlope: 0
      tangentMode: 0
      weightedMode: 3
      inWeight: 0
      outWeight: 0
    - serializedVersion: 3
      time: 1
      value: 0
      inSlope: 0
      outSlope: 0
      tangentMode: 0
      weightedMode: 3
      inWeight: 0
      outWeight: 0
    m_PreInfinity: 2
    m_PostInfinity: 2
    m_RotationOrder: 4
  rotationZ:
    serializedVersion: 2
    m_Curve:
    - serializedVersion: 3
      time: 0
      value: 0
      inSlope: 0
      outSlope: 0
      tangentMode: 0
      weightedMode: 3
      inWeight: 0
      outWeight: 0
    - serializedVersion: 3
      time: 1
      value: 360
      inSlope: 0
      outSlope: 0
      tangentMode: 0
      weightedMode: 3
      inWeight: 0
      outWeight: 0
    m_PreInfinity: 2
    m_PostInfinity: 2
    m_RotationOrder: 4
  color:
    serializedVersion: 2
    key0: {r: 0.35686275, g: 0.79607844, b: 1, a: 1}
    key1: {r: 0.586988, g: 0, b: 1, a: 1}
    key2: {r: 0.586988, g: 0, b: 1, a: 1}
    key3: {r: 1, g: 0.8209606, b: 0.07843137, a: 0}
    key4: {r: 1, g: 0.8209606, b: 0.07843137, a: 0}
    key5: {r: 1, g: 0.8209606, b: 0.07843137, a: 0}
    key6: {r: 1, g: 0.8209606, b: 0.07843137, a: 0}
    key7: {r: 0, g: 0, b: 0, a: 0}
    ctime0: 32768
    ctime1: 65535
    ctime2: 65535
    ctime3: 64571
    ctime4: 64571
    ctime5: 64571
    ctime6: 64571
    ctime7: 0
    atime0: 0
    atime1: 65535
    atime2: 65535
    atime3: 0
    atime4: 0
    atime5: 0
    atime6: 0
    atime7: 0
    m_Mode: 1
    m_NumColorKeys: 2
    m_NumAlphaKeys: 2
  spacing: 0.2
  radius: 0.4
  count: 2
  sprinklePreviewType: 1
--- !u!1 &5220864866823689396
GameObject:
  m_ObjectHideFlags: 0
  m_CorrespondingSourceObject: {fileID: 0}
  m_PrefabInstance: {fileID: 0}
  m_PrefabAsset: {fileID: 0}
  serializedVersion: 6
  m_Component:
  - component: {fileID: 3427081801258068994}
  - component: {fileID: 6917594208759042752}
  m_Layer: 8
  m_Name: Option
  m_TagString: Untagged
  m_Icon: {fileID: 0}
  m_NavMeshLayer: 0
  m_StaticEditorFlags: 0
  m_IsActive: 1
--- !u!4 &3427081801258068994
Transform:
  m_ObjectHideFlags: 0
  m_CorrespondingSourceObject: {fileID: 0}
  m_PrefabInstance: {fileID: 0}
  m_PrefabAsset: {fileID: 0}
  m_GameObject: {fileID: 5220864866823689396}
  m_LocalRotation: {x: -0, y: -0, z: -0, w: 1}
  m_LocalPosition: {x: 0, y: 0, z: 0}
  m_LocalScale: {x: 1, y: 1, z: 1}
  m_Children: []
  m_Father: {fileID: 6553910096719177494}
  m_RootOrder: 4
  m_LocalEulerAnglesHint: {x: 0, y: 0, z: 0}
--- !u!114 &6917594208759042752
MonoBehaviour:
  m_ObjectHideFlags: 0
  m_CorrespondingSourceObject: {fileID: 0}
  m_PrefabInstance: {fileID: 0}
  m_PrefabAsset: {fileID: 0}
  m_GameObject: {fileID: 5220864866823689396}
  m_Enabled: 0
  m_EditorHideFlags: 0
  m_Script: {fileID: 11500000, guid: 552fb6fa4deaccb46ba7fa59819fc06a, type: 3}
  m_Name: 
  m_EditorClassIdentifier: 
  special: 0
  objects:
  - {fileID: 114986966024178736, guid: ab37bdefbae5a66439cc1215a71ecb11, type: 3}
  - {fileID: 2647852329520218456, guid: 8d4f907bba59f6e42b73731e08670013, type: 3}
  objectSizeX:
    serializedVersion: 2
    m_Curve:
    - serializedVersion: 3
      time: 0
      value: 0.05
      inSlope: 0
      outSlope: 0
      tangentMode: 0
      weightedMode: 3
      inWeight: 0
      outWeight: 0
    - serializedVersion: 3
      time: 1
      value: 0.06
      inSlope: 0
      outSlope: 0
      tangentMode: 0
      weightedMode: 3
      inWeight: 0
      outWeight: 0
    m_PreInfinity: 2
    m_PostInfinity: 2
    m_RotationOrder: 4
  objectSizeY:
    serializedVersion: 2
    m_Curve:
    - serializedVersion: 3
      time: 0
      value: 0.05
      inSlope: 0
      outSlope: 0
      tangentMode: 0
      weightedMode: 3
      inWeight: 0
      outWeight: 0
    - serializedVersion: 3
      time: 1
      value: 0.06
      inSlope: 0
      outSlope: 0
      tangentMode: 0
      weightedMode: 3
      inWeight: 0
      outWeight: 0
    m_PreInfinity: 2
    m_PostInfinity: 2
    m_RotationOrder: 4
  objectSizeZ:
    serializedVersion: 2
    m_Curve:
    - serializedVersion: 3
      time: 0
      value: 0.05
      inSlope: 0
      outSlope: 0
      tangentMode: 0
      weightedMode: 3
      inWeight: 0
      outWeight: 0
    - serializedVersion: 3
      time: 1
      value: 0.06
      inSlope: 0
      outSlope: 0
      tangentMode: 0
      weightedMode: 3
      inWeight: 0
      outWeight: 0
    m_PreInfinity: 2
    m_PostInfinity: 2
    m_RotationOrder: 4
  rotationX:
    serializedVersion: 2
    m_Curve:
    - serializedVersion: 3
      time: 0
      value: 0
      inSlope: 0
      outSlope: 0
      tangentMode: 0
      weightedMode: 3
      inWeight: 0
      outWeight: 0
    - serializedVersion: 3
      time: 1
      value: 0
      inSlope: 0
      outSlope: 0
      tangentMode: 0
      weightedMode: 3
      inWeight: 0
      outWeight: 0
    m_PreInfinity: 2
    m_PostInfinity: 2
    m_RotationOrder: 4
  rotationY:
    serializedVersion: 2
    m_Curve:
    - serializedVersion: 3
      time: 0
      value: 0
      inSlope: 0
      outSlope: 0
      tangentMode: 0
      weightedMode: 3
      inWeight: 0
      outWeight: 0
    - serializedVersion: 3
      time: 1
      value: 0
      inSlope: 0
      outSlope: 0
      tangentMode: 0
      weightedMode: 3
      inWeight: 0
      outWeight: 0
    m_PreInfinity: 2
    m_PostInfinity: 2
    m_RotationOrder: 4
  rotationZ:
    serializedVersion: 2
    m_Curve:
    - serializedVersion: 3
      time: 0
      value: 0
      inSlope: 0
      outSlope: 0
      tangentMode: 0
      weightedMode: 3
      inWeight: 0
      outWeight: 0
    - serializedVersion: 3
      time: 1
      value: 360
      inSlope: 0
      outSlope: 0
      tangentMode: 0
      weightedMode: 3
      inWeight: 0
      outWeight: 0
    m_PreInfinity: 2
    m_PostInfinity: 2
    m_RotationOrder: 4
  color:
    serializedVersion: 2
    key0: {r: 1, g: 0.07843137, b: 0.46137494, a: 1}
    key1: {r: 1, g: 0.07843137, b: 0.46137494, a: 1}
    key2: {r: 1, g: 0.07843137, b: 0.46137494, a: 0}
    key3: {r: 1, g: 0.07843137, b: 0.46137494, a: 0}
    key4: {r: 1, g: 0.07843137, b: 0.46137494, a: 0}
    key5: {r: 1, g: 0.8209606, b: 0.07843137, a: 0}
    key6: {r: 1, g: 0.8209606, b: 0.07843137, a: 0}
    key7: {r: 0, g: 0, b: 0, a: 0}
    ctime0: 0
    ctime1: 65535
    ctime2: 57054
    ctime3: 57054
    ctime4: 57054
    ctime5: 64571
    ctime6: 64571
    ctime7: 0
    atime0: 0
    atime1: 65535
    atime2: 0
    atime3: 0
    atime4: 0
    atime5: 0
    atime6: 0
    atime7: 0
    m_Mode: 0
    m_NumColorKeys: 2
    m_NumAlphaKeys: 2
  spacing: 0.1
  radius: 0.4
  count: 2
  sprinklePreviewType: 0
--- !u!1 &5797489169202189718
GameObject:
  m_ObjectHideFlags: 0
  m_CorrespondingSourceObject: {fileID: 0}
  m_PrefabInstance: {fileID: 0}
  m_PrefabAsset: {fileID: 0}
  serializedVersion: 6
  m_Component:
  - component: {fileID: 1948011543768268566}
  - component: {fileID: 5723549471596063485}
  m_Layer: 0
  m_Name: Path
  m_TagString: Untagged
  m_Icon: {fileID: 0}
  m_NavMeshLayer: 0
  m_StaticEditorFlags: 0
  m_IsActive: 1
--- !u!4 &1948011543768268566
Transform:
  m_ObjectHideFlags: 0
  m_CorrespondingSourceObject: {fileID: 0}
  m_PrefabInstance: {fileID: 0}
  m_PrefabAsset: {fileID: 0}
  m_GameObject: {fileID: 5797489169202189718}
  m_LocalRotation: {x: 0, y: 0, z: 0, w: 1}
  m_LocalPosition: {x: 0, y: 0, z: 0}
  m_LocalScale: {x: 1, y: 1, z: 1}
  m_Children: []
  m_Father: {fileID: 4984191209811155961}
  m_RootOrder: 1
  m_LocalEulerAnglesHint: {x: 0, y: 0, z: 0}
--- !u!114 &5723549471596063485
MonoBehaviour:
  m_ObjectHideFlags: 0
  m_CorrespondingSourceObject: {fileID: 0}
  m_PrefabInstance: {fileID: 0}
  m_PrefabAsset: {fileID: 0}
  m_GameObject: {fileID: 5797489169202189718}
  m_Enabled: 1
  m_EditorHideFlags: 0
  m_Script: {fileID: 11500000, guid: c25f2c3c6d52ab744a70ac080b3e3958, type: 3}
  m_Name: 
  m_EditorClassIdentifier: 
  svgPoints:
  - x: -0.6575757575757576
    y: 0.7484848484848485
  - x: -0.6575757575757576
    y: 0.7484848484848485
  - x: -0.4818181818181818
    y: 1.1666666666666667
  - x: -0.3181818181818182
    y: 1.2454545454545454
  - x: -0.15454545454545454
    y: 1.3242424242424242
  - x: 0.1303030303030303
    y: 0.8212121212121212
  - x: 0.21515151515151515
    y: 0.796969696969697
  - x: 0.3
    y: 0.7727272727272727
  - x: 0.4636363636363636
    y: 0.7787878787878788
  - x: 0.6575757575757576
    y: 0.9
  - x: 0.8515151515151516
    y: 1.0212121212121212
  - x: 1.2696969696969698
    y: 1.0818181818181818
  - x: 1.3848484848484848
    y: 0.8696969696969697
  - x: 1.5
    y: 0.6575757575757576
  - x: 1.2575757575757576
    y: 0.4636363636363636
  - x: 1.2212121212121212
    y: 0.3242424242424242
  - x: 1.1848484848484848
    y: 0.18484848484848485
  - x: 0.8878787878787878
    y: -0.25757575757575757
  - x: 1.0454545454545454
    y: -0.3606060606060606
  - x: 1.2030303030303031
    y: -0.4636363636363636
  - x: 1.4393939393939394
    y: -0.7121212121212122
  - x: 1.3303030303030303
    y: -0.8696969696969697
  - x: 1.2212121212121212
    y: -1.0272727272727273
  - x: 0.8393939393939394
    y: -0.9545454545454546
  - x: 0.5727272727272728
    y: -1.009090909090909
  - x: 0.30606060606060603
    y: -1.0636363636363637
  - x: -0.015151515151515152
    y: -1.3242424242424242
  - x: -0.12424242424242424
    y: -0.9484848484848485
  - x: -0.23333333333333334
    y: -0.5727272727272728
  - x: -0.37272727272727274
    y: -0.693939393939394
  - x: -0.6575757575757576
    y: -0.8878787878787878
  - x: -0.9424242424242424
    y: -1.0818181818181818
  - x: -1.1666666666666667
    y: -1.0333333333333334
  - x: -1.2393939393939395
    y: -0.8515151515151516
  - x: -1.312121212121212
    y: -0.6696969696969697
  - x: -0.7303030303030303
    y: -0.29393939393939394
  - x: -0.8515151515151516
    y: -0.19696969696969696
  - x: -0.9727272727272728
    y: -0.1
  - x: -1.5
    y: -0.19090909090909092
  - x: -1.415151515151515
    y: 0.1303030303030303
  - x: -1.3303030303030303
    y: 0.45151515151515154
  - x: -0.9424242424242424
    y: 0.5
  - x: -0.8272727272727273
    y: 0.4818181818181818
  - x: -0.7121212121212122
    y: 0.4636363636363636
  - x: -0.6889150908499053
    y: 0.679115156693892
  - x: -0.6575757575757576
    y: 0.7484848484848485
  - x: 0
    y: 0
  - x: 0
    y: 0
  svgCommands: 010000000400000004000000040000000400000004000000040000000400000004000000040000000400000004000000040000000400000004000000040000000400000004000000040000000400000004000000040000000400000004000000040000000400000004000000040000000400000004000000040000000400000004000000040000000400000004000000040000000400000004000000040000000400000004000000040000000400000004000000040000004f00000000000000
  reverse: 0
  offset: 0
--- !u!1 &5941371229307074950
GameObject:
  m_ObjectHideFlags: 0
  m_CorrespondingSourceObject: {fileID: 0}
  m_PrefabInstance: {fileID: 0}
  m_PrefabAsset: {fileID: 0}
  serializedVersion: 6
  m_Component:
  - component: {fileID: 1079185088422532546}
  - component: {fileID: 8058979108711659896}
  - component: {fileID: 5542483743746665829}
  - component: {fileID: 667799931112454008}
  m_Layer: 8
  m_Name: StrokeManual 1
  m_TagString: Untagged
  m_Icon: {fileID: 0}
  m_NavMeshLayer: 0
  m_StaticEditorFlags: 0
  m_IsActive: 1
--- !u!4 &1079185088422532546
Transform:
  m_ObjectHideFlags: 0
  m_CorrespondingSourceObject: {fileID: 0}
  m_PrefabInstance: {fileID: 0}
  m_PrefabAsset: {fileID: 0}
  m_GameObject: {fileID: 5941371229307074950}
  m_LocalRotation: {x: 0, y: 0, z: 0, w: 1}
  m_LocalPosition: {x: -0.116, y: -0.443, z: -0.045}
  m_LocalScale: {x: 0.8, y: 0.8, z: 1}
  m_Children: []
  m_Father: {fileID: 3190475399944033624}
  m_RootOrder: 1
  m_LocalEulerAnglesHint: {x: 0, y: 0, z: 0}
--- !u!114 &8058979108711659896
MonoBehaviour:
  m_ObjectHideFlags: 0
  m_CorrespondingSourceObject: {fileID: 0}
  m_PrefabInstance: {fileID: 0}
  m_PrefabAsset: {fileID: 0}
  m_GameObject: {fileID: 5941371229307074950}
  m_Enabled: 1
  m_EditorHideFlags: 0
  m_Script: {fileID: 11500000, guid: f6202143f93329f4596fcd4f38f4496e, type: 3}
  m_Name: 
  m_EditorClassIdentifier: 
  tip: {fileID: 4760252478746094373, guid: 0499a74804bbbed4083ca126c34374b8, type: 3}
  size:
    serializedVersion: 2
    m_Curve:
    - serializedVersion: 3
      time: 0
      value: 0.1
      inSlope: 0
      outSlope: 0
      tangentMode: 0
      weightedMode: 3
      inWeight: 0
      outWeight: 0
    - serializedVersion: 3
      time: 1
      value: 0.1
      inSlope: 0
      outSlope: 0
      tangentMode: 0
      weightedMode: 3
      inWeight: 0
      outWeight: 0
    m_PreInfinity: 2
    m_PostInfinity: 2
    m_RotationOrder: 4
  twist: 0
--- !u!114 &5542483743746665829
MonoBehaviour:
  m_ObjectHideFlags: 0
  m_CorrespondingSourceObject: {fileID: 0}
  m_PrefabInstance: {fileID: 0}
  m_PrefabAsset: {fileID: 0}
  m_GameObject: {fileID: 5941371229307074950}
  m_Enabled: 1
  m_EditorHideFlags: 0
  m_Script: {fileID: 11500000, guid: c25f2c3c6d52ab744a70ac080b3e3958, type: 3}
  m_Name: 
  m_EditorClassIdentifier: 
  svgPoints:
  - x: 1.4988653527571512
    y: 0.6236264995064204
  - x: 1.4960653244610376
    y: 0.5352661158811935
  - x: 1.444636960152391
    y: 0.4690932946578869
  - x: 1.405932773063853
    y: 0.39788752128246785
  - x: 1.3573398773487833
    y: 0.3086056085884316
  - x: 1.2732681462860085
    y: 0.24973413826437688
  - x: 1.1996876685873428
    y: 0.182817009001046
  - x: 1.1753026123280068
    y: 0.1606294444865348
  - x: 1.1447858495937815
    y: 0.1413482389312615
  - x: 1.10817282332287
    y: 0.1392925189392462
  - x: 1.1020411163198334
    y: 0.1389735284022792
  - x: 1.0911954372707338
    y: 0.132700047401805
  - x: 1.0911599943325312
    y: 0.12908482175630204
  - x: 1.0908055603952325
    y: 0.0958034739282398
  - x: 1.056106476355846
    y: 0.07708936172197853
  - x: 1.05415708940362
    y: 0.04742324429274883
  - x: 1.0491950141494009
    y: -0.02725599195387489
  - x: 0.9976957600032412
    y: -0.08116539177704014
  - x: 0.9731334890528928
    y: -0.1468419991899668
  - x: 0.9646270745577236
    y: -0.16959665916608097
  - x: 0.9441407916746916
    y: -0.18409300679888616
  - x: 0.9255330082830376
    y: -0.19897923097710016
  - x: 0.8759476976227539
    y: -0.2386403879600593
  - x: 0.8507474495595794
    y: -0.30268660754012755
  - x: 0.7925848379995737
    y: -0.333628687645373
  - x: 0.7277234245030763
    y: -0.368185998149451
  - x: 0.682391325579633
    y: -0.4359537706051864
  - x: 0.6131349243683034
    y: -0.45665270847669426
  - x: 0.5490178231370121
    y: -0.4758275852173602
  - x: 0.4883741763265617
    y: -0.5036506487341531
  - x: 0.4240089724152623
    y: -0.5213723459952001
  - x: 0.3418511811413291
    y: -0.5440915609205208
  - x: 0.35886401118796335
    y: -0.5509321367224134
  - x: 0.369355256101709
    y: -0.6144821467172835
  - x: 0.3861908682884445
    y: -0.7168781113283199
  - x: 0.37814521779953214
    y: -0.8189905324337368
  - x: 0.3703122277786285
    y: -0.9214219378703846
  - x: 0.3687172749617565
    y: -0.9425462015632766
  - x: 0.35386649319359725
    y: -0.9415537866180624
  - x: 0.34447399415226415
    y: -0.94807536963836
  - x: 0.30679766705973355
    y: -0.9740199341919226
  - x: 0.26929855254562424
    y: -1.001169575545096
  - x: 0.2212018706409348
    y: -1.0057417716131676
  - x: 0.20362194724528856
    y: -1.007407611098666
  - x: 0.18770786307106688
    y: -1.0098177620571491
  - x: 0.1789887883059441
    y: -0.9885162818247276
  - x: 0.1700216098045178
    y: -0.9665768199902248
  - x: 0.17739383548907217
    y: -0.9511943883394036
  - x: 0.1945129948784615
    y: -0.938044887146428
  - x: 0.2152828249641471
    y: -0.9221308029722064
  - x: 0.23825014256947596
    y: -0.9107180289896516
  - x: 0.2626706417670147
    y: -0.90121919902112
  - x: 0.2914506772908194
    y: -0.8900190858366662
  - x: 0.3104837801660846
    y: -0.8732543616389264
  - x: 0.2902101596655971
    y: -0.8389097108766541
  - x: 0.2691922268999033
    y: -0.8033245446017503
  - x: 0.28595695241801233
    y: -0.7640887028772206
  - x: 0.2865949334919464
    y: -0.7280782128935236
  - x: 0.2876227919035108
    y: -0.6744169115251846
  - x: 0.2724530194663476
    y: -0.6203657357240276
  - x: 0.28723291456588035
    y: -0.5668462187840441
  - x: 0.29063548046957766
    y: -0.5545119178452707
  - x: 0.2850708674757379
    y: -0.5491245215229971
  - x: 0.2709289527899544
    y: -0.5512865682170288
  - x: 0.2337842761082334
    y: -0.5568866248092558
  - x: 0.196356047470529
    y: -0.5595803224422448
  - x: 0.1586797203779984
    y: -0.5577372658890692
  - x: 0.1418086641967649
    y: -0.5569220678134766
  - x: 0.13397567344965813
    y: -0.5640461902238567
  - x: 0.13510986226027313
    y: -0.5825830845702193
  - x: 0.1366693716107949
    y: -0.607641565105766
  - x: 0.13549973959790357
    y: -0.6328418173941224
  - x: 0.1355351829982353
    y: -0.657900297929669
  - x: 0.15715565416373445
    y: -0.7249237581201982
  - x: 0.12873005119084072
    y: -0.7895725055371172
  - x: 0.1280211834482802
    y: -0.855603555007614
  - x: 0.12784396647963084
    y: -0.8695328092914071
  - x: 0.11511978810419926
    y: -0.8768695925659068
  - x: 0.10873997578041596
    y: -0.8875734972214581
  - x: 0.0917271467900772
    y: -0.9163180898070604
  - x: -0.018005602151754292
    y: -0.9533209947359716
  - x: -0.04777805050818228
    y: -0.9404550412737976
  - x: -0.06103388051576508
    y: -0.9347132113443176
  - x: -0.07528212546856214
    y: -0.9273764291261134
  - x: -0.0736162841345466
    y: -0.9108952505465844
  - x: -0.07195044464904814
    y: -0.8949811663723626
  - x: -0.07191500118269796
    y: -0.8769050355041093
  - x: -0.05100339802383318
    y: -0.8692138186224032
  - x: -0.028744945520326148
    y: -0.8610618377344402
  - x: -0.00850676795804104
    y: -0.8456794055554714
  - x: 0.014212449079870673
    y: -0.8409654335094081
  - x: 0.042035514709254464
    y: -0.8351527166472278
  - x: 0.051888776172401285
    y: -0.814737321225044
  - x: 0.05146345668879
    y: -0.7948535772699653
  - x: 0.05008116427390835
    y: -0.7365137489063565
  - x: 0.07715991856234451
    y: -0.678705575178739
  - x: 0.0547596924575106
    y: -0.6200467498083533
  - x: 0.0537672773802594
    y: -0.6174948255126173
  - x: 0.05876479596879172
    y: -0.6130644011973555
  - x: 0.05950910744177629
    y: -0.6092365142256038
  - x: 0.07046111583363114
    y: -0.552137207712399
  - x: 0.05961543762626682
    y: -0.5487346391679632
  - x: -0.0015598630774673085
    y: -0.5467143642267412
  - x: -0.07209221851444889
    y: -0.5443751002009586
  - x: -0.14326255106425645
    y: -0.5303749595126128
  - x: -0.20652901332832516
    y: -0.495144223676029
  - x: -0.2540586039965935
    y: -0.46870345164985927
  - x: -0.2963780214839644
    y: -0.4338625955275707
  - x: -0.3441911598830342
    y: -0.4070319427308102
  - x: -0.3659179598631408
    y: -0.3948394146011421
  - x: -0.3832143355279855
    y: -0.3704898023363037
  - x: -0.3961511748665644
    y: -0.3455730977787488
  - x: -0.4049411365643875
    y: -0.3286665986593128
  - x: -0.418374182319278
    y: -0.3132487219576983
  - x: -0.432622429384666
    y: -0.3003118847317104
  - x: -0.5037218802832505
    y: -0.2357340189660144
  - x: -0.5292765661788134
    y: -0.14829516440959692
  - x: -0.5550793547543843
    y: -0.06092719150440244
  - x: -0.5674136556931577
    y: -0.019210314529427976
  - x: -0.5775150240614945
    y: 0.023144539558372482
  - x: -0.5905936351528832
    y: 0.06461331385333885
  - x: -0.6087760969483349
    y: 0.12220882995174157
  - x: -0.6035659174296645
    y: 0.1804068823373588
  - x: -0.5993481533843561
    y: 0.2389239359549346
  - x: -0.5957683704129818
    y: 0.28854468744082984
  - x: -0.5925784650433117
    y: 0.3383072106795349
  - x: -0.5922949178406579
    y: 0.38803428886744645
  - x: -0.5922240310482468
    y: 0.399128071124702
  - x: -0.6075001337441713
    y: 0.409442098178549
  - x: -0.611717897261332
    y: 0.4214928534991119
  - x: -0.6362447252734781
    y: 0.491741661205292
  - x: -0.6777134974558535
    y: 0.5536967157425515
  - x: -0.7085138058082892
    y: 0.620897388511502
  - x: -0.74604836114801
    y: 0.7027007461782289
  - x: -0.7008580323929333
    y: 0.7574253441430051
  - x: -0.6114697945813239
    y: 0.7599418286694252
  - x: -0.5456159661396122
    y: 0.761820328556914
  - x: -0.4811444313011145
    y: 0.7485290557431656
  - x: -0.41568047729222063
    y: 0.7474303109270485
  - x: -0.38870805485524135
    y: 0.7469695467887546
  - x: -0.3707736978523887
    y: 0.7548379806061009
  - x: -0.3522368024497306
    y: 0.7768128848506586
  - x: -0.23853439478333752
    y: 0.9113560105917332
  - x: -0.0974696754590106
    y: 0.9942226606297154
  - x: 0.08275997013716797
    y: 1.0046075830666266
  - x: 0.17275075004561696
    y: 1.0098177620571491
  - x: 0.2607921324388852
    y: 1.007549384699993
  - x: 0.3368536707390868
    y: 0.9544906219955333
  - x: 0.412454427604156
    y: 0.901715408870392
  - x: 0.45799919260717775
    y: 0.8214361207848709
  - x: 0.5016654586469692
    y: 0.74342521032058
  - x: 0.5557520794989196
    y: 0.6468065143520441
  - x: 0.6167501599165763
    y: 0.5569929470220164
  - x: 0.69862440768489
    y: 0.4821719559233104
  - x: 0.7101435104820523
    y: 0.4716452680713623
  - x: 0.7202803217885916
    y: 0.4607287015614145
  - x: 0.729460161088119
    y: 0.4480045240772322
  - x: 0.7700782921906809
    y: 0.3916140847784403
  - x: 0.8308991558047345
    y: 0.36130997756083894
  - x: 0.889026318088765
    y: 0.3279931931323471
  - x: 0.9117809780648792
    y: 0.31491458098466296
  - x: 0.9279431670316998
    y: 0.3231020048108284
  - x: 0.9321963745433584
    y: 0.34915289976344155
  - x: 0.9493864213935957
    y: 0.45452611343530264
  - x: 0.9835892982904674
    y: 0.5560359898031412
  - x: 1.0159845621005137
    y: 0.6565888962765588
  - x: 1.0405113901126597
    y: 0.7327213077776196
  - x: 1.0809523022990275
    y: 0.8094208062899196
  - x: 1.1629328725441757
    y: 0.849436405330449
  - x: 1.1940876166164085
    y: 0.8646416212339623
  - x: 1.2259512279030544
    y: 0.872758158655575
  - x: 1.251647689776609
    y: 0.8520592165588853
  - x: 1.2835113010632548
    y: 0.8263273117471284
  - x: 1.297227895605242
    y: 0.7855674067791657
  - x: 1.2869138674950997
    y: 0.7452682684581987
  - x: 1.2765289524522567
    y: 0.7046146965300253
  - x: 1.2759618591032449
    y: 0.6632522573874391
  - x: 1.268660519823243
    y: 0.6225986812340838
  - x: 1.2672427840740481
    y: 0.6147302475487746
  - x: 1.26274147309016
    y: 0.604487107427628
  - x: 1.2727719534695008
    y: 0.5997376924433623
  - x: 1.2857442357462825
    y: 0.5935705419739755
  - x: 1.2899620003197385
    y: 0.6072871354596676
  - x: 1.294959517984012
    y: 0.613915050463459
  - x: 1.322215488151793
    y: 0.6500318713743543
  - x: 1.352874022638828
    y: 0.6819309255992024
  - x: 1.394484572911786
    y: 0.7013539050198765
  - x: 1.4176645523715112
    y: 0.7121995835408285
  - x: 1.4449559675900856
    y: 0.722442725774566
  - x: 1.465300476079569
    y: 0.704012159714663
  - x: 1.4872052028258713
    y: 0.6842354829247252
  - x: 1.5000000000000004
    y: 0.6596377584732196
  - x: 1.4988653527571512
    y: 0.6236264995064204
  - x: 0
    y: 0
  svgCommands: 010000000400000004000000040000000400000004000000040000000400000004000000040000000400000004000000040000000400000004000000040000000400000004000000040000000400000004000000040000000400000004000000040000000400000004000000040000000400000004000000040000000400000004000000040000000400000004000000040000000400000004000000040000000400000004000000040000000400000004000000040000000400000004000000040000000400000004000000040000000400000004000000040000000400000004000000040000000400000004000000040000000400000004000000040000000400000004000000040000000400000004000000040000000400000004000000040000000400000004000000040000000400000004000000040000000400000004000000040000000400000004000000040000000400000004000000040000000400000004000000040000000400000004000000040000000400000004000000040000000400000004000000040000000400000004000000040000000400000004000000040000000400000004000000040000000400000004000000040000000400000004000000040000000400000004000000040000000400000004000000040000000400000004000000040000000400000004000000040000000400000004000000040000000400000004000000040000000400000004000000040000000400000004000000040000000400000004000000040000000400000004000000040000000400000004000000040000000400000004000000040000000400000004000000040000000400000004000000040000000400000004000000040000000400000004000000040000000400000004000000040000000400000004000000040000000400000004000000040000000400000004000000040000000400000004000000040000000400000004000000040000000400000004000000040000000400000004000000040000000400000004000000040000000400000004000000040000004f000000010000000400000004000000040000000400000004000000040000000400000004000000040000000400000004000000040000000400000004000000040000004f000000010000000400000004000000040000000400000004000000040000000400000004000000040000000400000004000000040000000400000004000000040000000400000004000000040000000400000004000000040000000400000004000000040000000400000004000000040000000400000004000000040000000400000004000000040000000400000004000000040000000400000004000000040000000400000004000000040000000400000004000000040000000400000004000000040000000400000004000000040000000400000004000000040000000400000004000000040000000400000004000000040000000400000004000000040000000400000004000000040000000400000004000000040000000400000004000000040000004f000000010000000400000004000000040000000400000004000000040000000400000004000000040000000400000004000000040000000400000004000000040000000400000004000000040000000400000004000000040000004f000000010000000400000004000000040000000400000004000000040000004f00000000000000
  reverse: 0
  offset: 0
--- !u!114 &667799931112454008
MonoBehaviour:
  m_ObjectHideFlags: 0
  m_CorrespondingSourceObject: {fileID: 0}
  m_PrefabInstance: {fileID: 0}
  m_PrefabAsset: {fileID: 0}
  m_GameObject: {fileID: 5941371229307074950}
  m_Enabled: 1
  m_EditorHideFlags: 0
  m_Script: {fileID: 11500000, guid: 5120595cb07379d488e526d799bc1e6d, type: 3}
  m_Name: 
  m_EditorClassIdentifier: 
  path: {fileID: 5542483743746665829}
  sections:
  - weight: 1
    colors: 00000000
  options:
  - colors:
    - {r: 0.99607843, g: 0.7019608, b: 0.2509804, a: 1}
  - colors:
    - {r: 0.79607844, g: 0.003921569, b: 0.003921569, a: 1}
  - colors:
    - {r: 0.60735065, g: 0.9150943, b: 0.21150766, a: 1}
  brush: {fileID: 8058979108711659896}
  material: {fileID: 2100000, guid: 108036d14a7415f4b95df06c69a79ceb, type: 2}
--- !u!1 &7804462200577222668
GameObject:
  m_ObjectHideFlags: 0
  m_CorrespondingSourceObject: {fileID: 0}
  m_PrefabInstance: {fileID: 0}
  m_PrefabAsset: {fileID: 0}
  serializedVersion: 6
  m_Component:
  - component: {fileID: 4984191209811155961}
  - component: {fileID: 4635271211033868253}
  m_Layer: 8
  m_Name: Sprinkles Manual
  m_TagString: Untagged
  m_Icon: {fileID: 0}
  m_NavMeshLayer: 0
  m_StaticEditorFlags: 0
  m_IsActive: 1
--- !u!4 &4984191209811155961
Transform:
  m_ObjectHideFlags: 0
  m_CorrespondingSourceObject: {fileID: 0}
  m_PrefabInstance: {fileID: 0}
  m_PrefabAsset: {fileID: 0}
  m_GameObject: {fileID: 7804462200577222668}
  m_LocalRotation: {x: 0, y: 0, z: 0, w: 1}
  m_LocalPosition: {x: 0, y: 0, z: 0}
  m_LocalScale: {x: 0.85837495, y: 1.0251974, z: 1.1445}
  m_Children:
  - {fileID: 6553910096719177494}
  - {fileID: 1948011543768268566}
  m_Father: {fileID: 3190475399944033624}
  m_RootOrder: 4
  m_LocalEulerAnglesHint: {x: 0, y: 0, z: 0}
--- !u!114 &4635271211033868253
MonoBehaviour:
  m_ObjectHideFlags: 0
  m_CorrespondingSourceObject: {fileID: 0}
  m_PrefabInstance: {fileID: 0}
  m_PrefabAsset: {fileID: 0}
  m_GameObject: {fileID: 7804462200577222668}
  m_Enabled: 1
  m_EditorHideFlags: 0
  m_Script: {fileID: 11500000, guid: 2179359cc2a883a438dca2c78b5c9308, type: 3}
  m_Name: 
  m_EditorClassIdentifier: 
  paths:
  - path: {fileID: 5723549471596063485}
    sections:
    - weight: 1
      options: 00000000
    magnet: 0
  options:
  - {fileID: 1277992530566778469}
  physicsEnabled: 0
  bonus: 0
--- !u!1 &8679896383755172223
GameObject:
  m_ObjectHideFlags: 0
  m_CorrespondingSourceObject: {fileID: 0}
  m_PrefabInstance: {fileID: 0}
  m_PrefabAsset: {fileID: 0}
  serializedVersion: 6
  m_Component:
  - component: {fileID: 5270561755931376315}
  - component: {fileID: 8150921311645722858}
  m_Layer: 8
  m_Name: Option
  m_TagString: Untagged
  m_Icon: {fileID: 0}
  m_NavMeshLayer: 0
  m_StaticEditorFlags: 0
  m_IsActive: 1
--- !u!4 &5270561755931376315
Transform:
  m_ObjectHideFlags: 0
  m_CorrespondingSourceObject: {fileID: 0}
  m_PrefabInstance: {fileID: 0}
  m_PrefabAsset: {fileID: 0}
  m_GameObject: {fileID: 8679896383755172223}
  m_LocalRotation: {x: -0, y: -0, z: -0, w: 1}
  m_LocalPosition: {x: 0, y: 0, z: 0}
  m_LocalScale: {x: 1, y: 1, z: 1}
  m_Children: []
  m_Father: {fileID: 6553910096719177494}
  m_RootOrder: 2
  m_LocalEulerAnglesHint: {x: 0, y: 0, z: 0}
--- !u!114 &8150921311645722858
MonoBehaviour:
  m_ObjectHideFlags: 0
  m_CorrespondingSourceObject: {fileID: 0}
  m_PrefabInstance: {fileID: 0}
  m_PrefabAsset: {fileID: 0}
  m_GameObject: {fileID: 8679896383755172223}
  m_Enabled: 0
  m_EditorHideFlags: 0
  m_Script: {fileID: 11500000, guid: 552fb6fa4deaccb46ba7fa59819fc06a, type: 3}
  m_Name: 
  m_EditorClassIdentifier: 
  special: 0
  objects:
  - {fileID: 114986966024178736, guid: ab37bdefbae5a66439cc1215a71ecb11, type: 3}
  - {fileID: 2647852329520218456, guid: 8d4f907bba59f6e42b73731e08670013, type: 3}
  objectSizeX:
    serializedVersion: 2
    m_Curve:
    - serializedVersion: 3
      time: 0
      value: 0.05
      inSlope: 0
      outSlope: 0
      tangentMode: 0
      weightedMode: 3
      inWeight: 0
      outWeight: 0
    - serializedVersion: 3
      time: 1
      value: 0.06
      inSlope: 0
      outSlope: 0
      tangentMode: 0
      weightedMode: 3
      inWeight: 0
      outWeight: 0
    m_PreInfinity: 2
    m_PostInfinity: 2
    m_RotationOrder: 4
  objectSizeY:
    serializedVersion: 2
    m_Curve:
    - serializedVersion: 3
      time: 0
      value: 0.05
      inSlope: 0
      outSlope: 0
      tangentMode: 0
      weightedMode: 3
      inWeight: 0
      outWeight: 0
    - serializedVersion: 3
      time: 1
      value: 0.06
      inSlope: 0
      outSlope: 0
      tangentMode: 0
      weightedMode: 3
      inWeight: 0
      outWeight: 0
    m_PreInfinity: 2
    m_PostInfinity: 2
    m_RotationOrder: 4
  objectSizeZ:
    serializedVersion: 2
    m_Curve:
    - serializedVersion: 3
      time: 0
      value: 0.05
      inSlope: 0
      outSlope: 0
      tangentMode: 0
      weightedMode: 3
      inWeight: 0
      outWeight: 0
    - serializedVersion: 3
      time: 1
      value: 0.06
      inSlope: 0
      outSlope: 0
      tangentMode: 0
      weightedMode: 3
      inWeight: 0
      outWeight: 0
    m_PreInfinity: 2
    m_PostInfinity: 2
    m_RotationOrder: 4
  rotationX:
    serializedVersion: 2
    m_Curve:
    - serializedVersion: 3
      time: 0
      value: 0
      inSlope: 0
      outSlope: 0
      tangentMode: 0
      weightedMode: 3
      inWeight: 0
      outWeight: 0
    - serializedVersion: 3
      time: 1
      value: 0
      inSlope: 0
      outSlope: 0
      tangentMode: 0
      weightedMode: 3
      inWeight: 0
      outWeight: 0
    m_PreInfinity: 2
    m_PostInfinity: 2
    m_RotationOrder: 4
  rotationY:
    serializedVersion: 2
    m_Curve:
    - serializedVersion: 3
      time: 0
      value: 0
      inSlope: 0
      outSlope: 0
      tangentMode: 0
      weightedMode: 3
      inWeight: 0
      outWeight: 0
    - serializedVersion: 3
      time: 1
      value: 0
      inSlope: 0
      outSlope: 0
      tangentMode: 0
      weightedMode: 3
      inWeight: 0
      outWeight: 0
    m_PreInfinity: 2
    m_PostInfinity: 2
    m_RotationOrder: 4
  rotationZ:
    serializedVersion: 2
    m_Curve:
    - serializedVersion: 3
      time: 0
      value: 0
      inSlope: 0
      outSlope: 0
      tangentMode: 0
      weightedMode: 3
      inWeight: 0
      outWeight: 0
    - serializedVersion: 3
      time: 1
      value: 360
      inSlope: 0
      outSlope: 0
      tangentMode: 0
      weightedMode: 3
      inWeight: 0
      outWeight: 0
    m_PreInfinity: 2
    m_PostInfinity: 2
    m_RotationOrder: 4
  color:
    serializedVersion: 2
    key0: {r: 0.07843137, g: 0.4779123, b: 1, a: 1}
    key1: {r: 0.07843137, g: 0.4779123, b: 1, a: 1}
    key2: {r: 1, g: 0.8209606, b: 0.07843137, a: 0}
    key3: {r: 1, g: 0.8209606, b: 0.07843137, a: 0}
    key4: {r: 1, g: 0.8209606, b: 0.07843137, a: 0}
    key5: {r: 1, g: 0.8209606, b: 0.07843137, a: 0}
    key6: {r: 1, g: 0.8209606, b: 0.07843137, a: 0}
    key7: {r: 0, g: 0, b: 0, a: 0}
    ctime0: 0
    ctime1: 65535
    ctime2: 64571
    ctime3: 64571
    ctime4: 64571
    ctime5: 64571
    ctime6: 64571
    ctime7: 0
    atime0: 0
    atime1: 65535
    atime2: 0
    atime3: 0
    atime4: 0
    atime5: 0
    atime6: 0
    atime7: 0
    m_Mode: 0
    m_NumColorKeys: 2
    m_NumAlphaKeys: 2
  spacing: 0.1
  radius: 0.4
  count: 2
  sprinklePreviewType: 0
--- !u!1 &8835078829214712371
GameObject:
  m_ObjectHideFlags: 0
  m_CorrespondingSourceObject: {fileID: 0}
  m_PrefabInstance: {fileID: 0}
  m_PrefabAsset: {fileID: 0}
  serializedVersion: 6
  m_Component:
  - component: {fileID: 1864735721109754049}
  m_Layer: 0
  m_Name: previewCameraTransform
  m_TagString: Untagged
  m_Icon: {fileID: 0}
  m_NavMeshLayer: 0
  m_StaticEditorFlags: 0
  m_IsActive: 1
--- !u!4 &1864735721109754049
Transform:
  m_ObjectHideFlags: 0
  m_CorrespondingSourceObject: {fileID: 0}
  m_PrefabInstance: {fileID: 0}
  m_PrefabAsset: {fileID: 0}
  m_GameObject: {fileID: 8835078829214712371}
  m_LocalRotation: {x: 0.5, y: 0, z: 0, w: 0.8660254}
  m_LocalPosition: {x: 0, y: 6.6, z: -3.6}
  m_LocalScale: {x: 1, y: 1, z: 1}
  m_Children: []
  m_Father: {fileID: 567414352735470898}
  m_RootOrder: 2
  m_LocalEulerAnglesHint: {x: 0, y: 0, z: 0}
--- !u!1001 &3884528270062270039
PrefabInstance:
  m_ObjectHideFlags: 0
  serializedVersion: 2
  m_Modification:
    m_TransformParent: {fileID: 567414352735470898}
    m_Modifications:
    - target: {fileID: 794801451098536653, guid: 3a209822acd954e439f4b8eb278aefbc,
        type: 3}
      propertyPath: diskColor.b
      value: 0.759434
      objectReference: {fileID: 0}
    - target: {fileID: 794801451098536653, guid: 3a209822acd954e439f4b8eb278aefbc,
        type: 3}
      propertyPath: diskColor.g
      value: 0.7636918
      objectReference: {fileID: 0}
    - target: {fileID: 794801451098536653, guid: 3a209822acd954e439f4b8eb278aefbc,
        type: 3}
      propertyPath: diskColor.r
      value: 1
      objectReference: {fileID: 0}
    - target: {fileID: 1341202605574904496, guid: 3a209822acd954e439f4b8eb278aefbc,
        type: 3}
      propertyPath: m_Name
      value: HexagonLRounded
      objectReference: {fileID: 0}
    - target: {fileID: 3305722499487110148, guid: 3a209822acd954e439f4b8eb278aefbc,
        type: 3}
      propertyPath: m_RootOrder
      value: 6
      objectReference: {fileID: 0}
    - target: {fileID: 6955690194484411392, guid: 3a209822acd954e439f4b8eb278aefbc,
        type: 3}
      propertyPath: m_RootOrder
      value: 0
      objectReference: {fileID: 0}
    - target: {fileID: 6955690194484411392, guid: 3a209822acd954e439f4b8eb278aefbc,
        type: 3}
      propertyPath: m_LocalEulerAnglesHint.x
      value: 0
      objectReference: {fileID: 0}
    - target: {fileID: 6955690194484411392, guid: 3a209822acd954e439f4b8eb278aefbc,
        type: 3}
      propertyPath: m_LocalEulerAnglesHint.y
      value: 0
      objectReference: {fileID: 0}
    - target: {fileID: 6955690194484411392, guid: 3a209822acd954e439f4b8eb278aefbc,
        type: 3}
      propertyPath: m_LocalEulerAnglesHint.z
      value: 0
      objectReference: {fileID: 0}
    - target: {fileID: 9033138893944276109, guid: 3a209822acd954e439f4b8eb278aefbc,
        type: 3}
      propertyPath: m_RootOrder
      value: 5
      objectReference: {fileID: 0}
    m_RemovedComponents: []
  m_SourcePrefab: {fileID: 100100000, guid: 3a209822acd954e439f4b8eb278aefbc, type: 3}
--- !u!114 &4534894288210185370 stripped
MonoBehaviour:
  m_CorrespondingSourceObject: {fileID: 794801451098536653, guid: 3a209822acd954e439f4b8eb278aefbc,
    type: 3}
  m_PrefabInstance: {fileID: 3884528270062270039}
  m_PrefabAsset: {fileID: 0}
  m_GameObject: {fileID: 0}
  m_Enabled: 0
  m_EditorHideFlags: 0
  m_Script: {fileID: 11500000, guid: d931adf55ff26eb4dab04b81b53ef544, type: 3}
  m_Name: 
  m_EditorClassIdentifier: 
--- !u!4 &6156155160183638615 stripped
Transform:
  m_CorrespondingSourceObject: {fileID: 6955690194484411392, guid: 3a209822acd954e439f4b8eb278aefbc,
    type: 3}
  m_PrefabInstance: {fileID: 3884528270062270039}
  m_PrefabAsset: {fileID: 0}
--- !u!4 &3190475399944033624 stripped
Transform:
  m_CorrespondingSourceObject: {fileID: 1850493022598292239, guid: 3a209822acd954e439f4b8eb278aefbc,
    type: 3}
  m_PrefabInstance: {fileID: 3884528270062270039}
  m_PrefabAsset: {fileID: 0}
