%YAML 1.1
%TAG !u! tag:unity3d.com,2011:
--- !u!1 &75093166375030780
GameObject:
  m_ObjectHideFlags: 0
  m_CorrespondingSourceObject: {fileID: 0}
  m_PrefabInstance: {fileID: 0}
  m_PrefabAsset: {fileID: 0}
  serializedVersion: 6
  m_Component:
  - component: {fileID: 2556746209957741060}
  m_Layer: 0
  m_Name: previewCameraTransform
  m_TagString: Untagged
  m_Icon: {fileID: 0}
  m_NavMeshLayer: 0
  m_StaticEditorFlags: 0
  m_IsActive: 1
--- !u!4 &2556746209957741060
Transform:
  m_ObjectHideFlags: 0
  m_CorrespondingSourceObject: {fileID: 0}
  m_PrefabInstance: {fileID: 0}
  m_PrefabAsset: {fileID: 0}
  m_GameObject: {fileID: 75093166375030780}
  m_LocalRotation: {x: 0.5, y: 0, z: 0, w: 0.8660254}
  m_LocalPosition: {x: 0, y: 6.6, z: -3.6}
  m_LocalScale: {x: 1, y: 1, z: 1}
  m_Children: []
  m_Father: {fileID: 7964960137483490635}
  m_RootOrder: 2
  m_LocalEulerAnglesHint: {x: 0, y: 0, z: 0}
--- !u!1 &160303131124006845
GameObject:
  m_ObjectHideFlags: 0
  m_CorrespondingSourceObject: {fileID: 0}
  m_PrefabInstance: {fileID: 0}
  m_PrefabAsset: {fileID: 0}
  serializedVersion: 6
  m_Component:
  - component: {fileID: 7669826910912792128}
  - component: {fileID: 4026770482670357259}
  m_Layer: 8
  m_Name: Option
  m_TagString: Untagged
  m_Icon: {fileID: 0}
  m_NavMeshLayer: 0
  m_StaticEditorFlags: 0
  m_IsActive: 1
--- !u!4 &7669826910912792128
Transform:
  m_ObjectHideFlags: 0
  m_CorrespondingSourceObject: {fileID: 0}
  m_PrefabInstance: {fileID: 0}
  m_PrefabAsset: {fileID: 0}
  m_GameObject: {fileID: 160303131124006845}
  m_LocalRotation: {x: -0, y: -0, z: -0, w: 1}
  m_LocalPosition: {x: 0, y: 0, z: 0}
  m_LocalScale: {x: 1, y: 1, z: 1}
  m_Children: []
  m_Father: {fileID: 8711980620885150683}
  m_RootOrder: 0
  m_LocalEulerAnglesHint: {x: 0, y: 0, z: 0}
--- !u!114 &4026770482670357259
MonoBehaviour:
  m_ObjectHideFlags: 0
  m_CorrespondingSourceObject: {fileID: 0}
  m_PrefabInstance: {fileID: 0}
  m_PrefabAsset: {fileID: 0}
  m_GameObject: {fileID: 160303131124006845}
  m_Enabled: 0
  m_EditorHideFlags: 0
  m_Script: {fileID: 11500000, guid: 552fb6fa4deaccb46ba7fa59819fc06a, type: 3}
  m_Name: 
  m_EditorClassIdentifier: 
  special: 0
  objects:
  - {fileID: 114949656525583656, guid: ffde707ea2815a743ab0552b2ed9ac38, type: 3}
  objectSizeX:
    serializedVersion: 2
    m_Curve:
    - serializedVersion: 3
      time: 0
      value: 0.1
      inSlope: 0
      outSlope: 0
      tangentMode: 0
      weightedMode: 3
      inWeight: 0
      outWeight: 0
    - serializedVersion: 3
      time: 1
      value: 0.1
      inSlope: 0
      outSlope: 0
      tangentMode: 0
      weightedMode: 3
      inWeight: 0
      outWeight: 0
    m_PreInfinity: 2
    m_PostInfinity: 2
    m_RotationOrder: 4
  objectSizeY:
    serializedVersion: 2
    m_Curve:
    - serializedVersion: 3
      time: 0
      value: 0.1
      inSlope: 0
      outSlope: 0
      tangentMode: 0
      weightedMode: 3
      inWeight: 0
      outWeight: 0
    - serializedVersion: 3
      time: 1
      value: 0.1
      inSlope: 0
      outSlope: 0
      tangentMode: 0
      weightedMode: 3
      inWeight: 0
      outWeight: 0
    m_PreInfinity: 2
    m_PostInfinity: 2
    m_RotationOrder: 4
  objectSizeZ:
    serializedVersion: 2
    m_Curve:
    - serializedVersion: 3
      time: 0
      value: 0.1
      inSlope: 0
      outSlope: 0
      tangentMode: 0
      weightedMode: 3
      inWeight: 0
      outWeight: 0
    - serializedVersion: 3
      time: 1
      value: 0.1
      inSlope: 0
      outSlope: 0
      tangentMode: 0
      weightedMode: 3
      inWeight: 0
      outWeight: 0
    m_PreInfinity: 2
    m_PostInfinity: 2
    m_RotationOrder: 4
  rotationX:
    serializedVersion: 2
    m_Curve:
    - serializedVersion: 3
      time: 0
      value: 0
      inSlope: 0
      outSlope: 0
      tangentMode: 0
      weightedMode: 3
      inWeight: 0
      outWeight: 0
    - serializedVersion: 3
      time: 1
      value: 0
      inSlope: 0
      outSlope: 0
      tangentMode: 0
      weightedMode: 3
      inWeight: 0
      outWeight: 0
    m_PreInfinity: 2
    m_PostInfinity: 2
    m_RotationOrder: 4
  rotationY:
    serializedVersion: 2
    m_Curve:
    - serializedVersion: 3
      time: 0
      value: 0
      inSlope: 0
      outSlope: 0
      tangentMode: 0
      weightedMode: 3
      inWeight: 0
      outWeight: 0
    - serializedVersion: 3
      time: 1
      value: 0
      inSlope: 0
      outSlope: 0
      tangentMode: 0
      weightedMode: 3
      inWeight: 0
      outWeight: 0
    m_PreInfinity: 2
    m_PostInfinity: 2
    m_RotationOrder: 4
  rotationZ:
    serializedVersion: 2
    m_Curve:
    - serializedVersion: 3
      time: 0
      value: 0
      inSlope: 0
      outSlope: 0
      tangentMode: 0
      weightedMode: 3
      inWeight: 0
      outWeight: 0
    - serializedVersion: 3
      time: 1
      value: 360
      inSlope: 0
      outSlope: 0
      tangentMode: 0
      weightedMode: 3
      inWeight: 0
      outWeight: 0
    m_PreInfinity: 2
    m_PostInfinity: 2
    m_RotationOrder: 4
  color:
    serializedVersion: 2
    key0: {r: 1, g: 0.7400185, b: 0, a: 1}
    key1: {r: 0.21856683, g: 1, b: 0.08018869, a: 1}
    key2: {r: 0.07843137, g: 1, b: 0.81982154, a: 0}
    key3: {r: 0.07843137, g: 0.4779123, b: 1, a: 0}
    key4: {r: 0.62513065, g: 0.07843137, b: 1, a: 0}
    key5: {r: 1, g: 0.07843137, b: 0.46137494, a: 0}
    key6: {r: 1, g: 0.8209606, b: 0.07843137, a: 0}
    key7: {r: 0, g: 0, b: 0, a: 0}
    ctime0: 0
    ctime1: 10216
    ctime2: 22552
    ctime3: 37201
    ctime4: 49151
    ctime5: 57054
    ctime6: 64571
    ctime7: 0
    atime0: 0
    atime1: 65535
    atime2: 0
    atime3: 0
    atime4: 0
    atime5: 0
    atime6: 0
    atime7: 0
    m_Mode: 0
    m_NumColorKeys: 7
    m_NumAlphaKeys: 2
  spacing: 0.2
  radius: 0.6
  count: 2
  sprinklePreviewType: 4
--- !u!1 &756711675944240970
GameObject:
  m_ObjectHideFlags: 0
  m_CorrespondingSourceObject: {fileID: 0}
  m_PrefabInstance: {fileID: 0}
  m_PrefabAsset: {fileID: 0}
  serializedVersion: 6
  m_Component:
  - component: {fileID: 7370748038229321851}
  - component: {fileID: 7071729711548497755}
  m_Layer: 8
  m_Name: Option
  m_TagString: Untagged
  m_Icon: {fileID: 0}
  m_NavMeshLayer: 0
  m_StaticEditorFlags: 0
  m_IsActive: 1
--- !u!4 &7370748038229321851
Transform:
  m_ObjectHideFlags: 0
  m_CorrespondingSourceObject: {fileID: 0}
  m_PrefabInstance: {fileID: 0}
  m_PrefabAsset: {fileID: 0}
  m_GameObject: {fileID: 756711675944240970}
  m_LocalRotation: {x: -0, y: -0, z: -0, w: 1}
  m_LocalPosition: {x: 0, y: 0, z: 0}
  m_LocalScale: {x: 1, y: 1, z: 1}
  m_Children: []
  m_Father: {fileID: 8711980620885150683}
  m_RootOrder: 3
  m_LocalEulerAnglesHint: {x: 0, y: 0, z: 0}
--- !u!114 &7071729711548497755
MonoBehaviour:
  m_ObjectHideFlags: 0
  m_CorrespondingSourceObject: {fileID: 0}
  m_PrefabInstance: {fileID: 0}
  m_PrefabAsset: {fileID: 0}
  m_GameObject: {fileID: 756711675944240970}
  m_Enabled: 0
  m_EditorHideFlags: 0
  m_Script: {fileID: 11500000, guid: 552fb6fa4deaccb46ba7fa59819fc06a, type: 3}
  m_Name: 
  m_EditorClassIdentifier: 
  special: 0
  objects:
  - {fileID: 114986966024178736, guid: ab37bdefbae5a66439cc1215a71ecb11, type: 3}
  - {fileID: 2647852329520218456, guid: 8d4f907bba59f6e42b73731e08670013, type: 3}
  objectSizeX:
    serializedVersion: 2
    m_Curve:
    - serializedVersion: 3
      time: 0
      value: 0.05
      inSlope: 0
      outSlope: 0
      tangentMode: 0
      weightedMode: 3
      inWeight: 0
      outWeight: 0
    - serializedVersion: 3
      time: 1
      value: 0.06
      inSlope: 0
      outSlope: 0
      tangentMode: 0
      weightedMode: 3
      inWeight: 0
      outWeight: 0
    m_PreInfinity: 2
    m_PostInfinity: 2
    m_RotationOrder: 4
  objectSizeY:
    serializedVersion: 2
    m_Curve:
    - serializedVersion: 3
      time: 0
      value: 0.05
      inSlope: 0
      outSlope: 0
      tangentMode: 0
      weightedMode: 3
      inWeight: 0
      outWeight: 0
    - serializedVersion: 3
      time: 1
      value: 0.06
      inSlope: 0
      outSlope: 0
      tangentMode: 0
      weightedMode: 3
      inWeight: 0
      outWeight: 0
    m_PreInfinity: 2
    m_PostInfinity: 2
    m_RotationOrder: 4
  objectSizeZ:
    serializedVersion: 2
    m_Curve:
    - serializedVersion: 3
      time: 0
      value: 0.05
      inSlope: 0
      outSlope: 0
      tangentMode: 0
      weightedMode: 3
      inWeight: 0
      outWeight: 0
    - serializedVersion: 3
      time: 1
      value: 0.06
      inSlope: 0
      outSlope: 0
      tangentMode: 0
      weightedMode: 3
      inWeight: 0
      outWeight: 0
    m_PreInfinity: 2
    m_PostInfinity: 2
    m_RotationOrder: 4
  rotationX:
    serializedVersion: 2
    m_Curve:
    - serializedVersion: 3
      time: 0
      value: 0
      inSlope: 0
      outSlope: 0
      tangentMode: 0
      weightedMode: 3
      inWeight: 0
      outWeight: 0
    - serializedVersion: 3
      time: 1
      value: 0
      inSlope: 0
      outSlope: 0
      tangentMode: 0
      weightedMode: 3
      inWeight: 0
      outWeight: 0
    m_PreInfinity: 2
    m_PostInfinity: 2
    m_RotationOrder: 4
  rotationY:
    serializedVersion: 2
    m_Curve:
    - serializedVersion: 3
      time: 0
      value: 0
      inSlope: 0
      outSlope: 0
      tangentMode: 0
      weightedMode: 3
      inWeight: 0
      outWeight: 0
    - serializedVersion: 3
      time: 1
      value: 0
      inSlope: 0
      outSlope: 0
      tangentMode: 0
      weightedMode: 3
      inWeight: 0
      outWeight: 0
    m_PreInfinity: 2
    m_PostInfinity: 2
    m_RotationOrder: 4
  rotationZ:
    serializedVersion: 2
    m_Curve:
    - serializedVersion: 3
      time: 0
      value: 0
      inSlope: 0
      outSlope: 0
      tangentMode: 0
      weightedMode: 3
      inWeight: 0
      outWeight: 0
    - serializedVersion: 3
      time: 1
      value: 360
      inSlope: 0
      outSlope: 0
      tangentMode: 0
      weightedMode: 3
      inWeight: 0
      outWeight: 0
    m_PreInfinity: 2
    m_PostInfinity: 2
    m_RotationOrder: 4
  color:
    serializedVersion: 2
    key0: {r: 0.62513065, g: 0.07843137, b: 1, a: 1}
    key1: {r: 0.62513065, g: 0.07843137, b: 1, a: 1}
    key2: {r: 0.62513065, g: 0.07843137, b: 1, a: 0}
    key3: {r: 0.62513065, g: 0.07843137, b: 1, a: 0}
    key4: {r: 0.62513065, g: 0.07843137, b: 1, a: 0}
    key5: {r: 1, g: 0.8209606, b: 0.07843137, a: 0}
    key6: {r: 1, g: 0.8209606, b: 0.07843137, a: 0}
    key7: {r: 0, g: 0, b: 0, a: 0}
    ctime0: 0
    ctime1: 65535
    ctime2: 49151
    ctime3: 49151
    ctime4: 49151
    ctime5: 65342
    ctime6: 64571
    ctime7: 0
    atime0: 0
    atime1: 65535
    atime2: 0
    atime3: 0
    atime4: 0
    atime5: 0
    atime6: 0
    atime7: 0
    m_Mode: 0
    m_NumColorKeys: 2
    m_NumAlphaKeys: 2
  spacing: 0.1
  radius: 0.4
  count: 2
  sprinklePreviewType: 0
--- !u!1 &2577247351129733591
GameObject:
  m_ObjectHideFlags: 0
  m_CorrespondingSourceObject: {fileID: 0}
  m_PrefabInstance: {fileID: 0}
  m_PrefabAsset: {fileID: 0}
  serializedVersion: 6
  m_Component:
  - component: {fileID: 7376144555026633427}
  - component: {fileID: 3007894469792822413}
  - component: {fileID: 4872301333024420762}
  - component: {fileID: 2697342072280690196}
  m_Layer: 8
  m_Name: StrokeManual 4
  m_TagString: Untagged
  m_Icon: {fileID: 0}
  m_NavMeshLayer: 0
  m_StaticEditorFlags: 0
  m_IsActive: 1
--- !u!4 &7376144555026633427
Transform:
  m_ObjectHideFlags: 0
  m_CorrespondingSourceObject: {fileID: 0}
  m_PrefabInstance: {fileID: 0}
  m_PrefabAsset: {fileID: 0}
  m_GameObject: {fileID: 2577247351129733591}
  m_LocalRotation: {x: 0, y: 0, z: 0, w: 1}
  m_LocalPosition: {x: 0, y: 0.845, z: 0}
  m_LocalScale: {x: 0.2, y: 0.2, z: 1}
  m_Children: []
  m_Father: {fileID: 5281291801275996666}
  m_RootOrder: 4
  m_LocalEulerAnglesHint: {x: 0, y: 0, z: 0}
--- !u!114 &3007894469792822413
MonoBehaviour:
  m_ObjectHideFlags: 0
  m_CorrespondingSourceObject: {fileID: 0}
  m_PrefabInstance: {fileID: 0}
  m_PrefabAsset: {fileID: 0}
  m_GameObject: {fileID: 2577247351129733591}
  m_Enabled: 1
  m_EditorHideFlags: 0
  m_Script: {fileID: 11500000, guid: f6202143f93329f4596fcd4f38f4496e, type: 3}
  m_Name: 
  m_EditorClassIdentifier: 
  tip: {fileID: 4760252478746094373, guid: 0499a74804bbbed4083ca126c34374b8, type: 3}
  size:
    serializedVersion: 2
    m_Curve:
    - serializedVersion: 3
      time: 0
      value: 0.1
      inSlope: 0
      outSlope: 0
      tangentMode: 0
      weightedMode: 3
      inWeight: 0
      outWeight: 0
    - serializedVersion: 3
      time: 1
      value: 0.1
      inSlope: 0
      outSlope: 0
      tangentMode: 0
      weightedMode: 3
      inWeight: 0
      outWeight: 0
    m_PreInfinity: 2
    m_PostInfinity: 2
    m_RotationOrder: 4
  twist: 0
--- !u!114 &4872301333024420762
MonoBehaviour:
  m_ObjectHideFlags: 0
  m_CorrespondingSourceObject: {fileID: 0}
  m_PrefabInstance: {fileID: 0}
  m_PrefabAsset: {fileID: 0}
  m_GameObject: {fileID: 2577247351129733591}
  m_Enabled: 1
  m_EditorHideFlags: 0
  m_Script: {fileID: 11500000, guid: c25f2c3c6d52ab744a70ac080b3e3958, type: 3}
  m_Name: 
  m_EditorClassIdentifier: 
  svgPoints:
  - x: -0.24518445519386584
    y: 0.8135814516400391
  - x: -0.08880182152127068
    y: 1.1503427941808462
  - x: 0.18886711948784896
    y: 1.3217433757713977
  - x: 0.5520731147373302
    y: 1.3756121588969237
  - x: 0.849820424434782
    y: 1.4198498344708956
  - x: 1.0690499490509993
    y: 1.3029709579010709
  - x: 1.2362063218350916
    y: 1.0677440465778487
  - x: 1.4936336867903115
    y: 0.706007170592812
  - x: 1.5
    y: 0.17809339953186015
  - x: 1.2334312645229806
    y: -0.1762977244544392
  - x: 0.947600369280989
    y: -0.5559908355352322
  - x: 0.6451191313825537
    y: -0.922788093371516
  - x: 0.3504733843369445
    y: -1.2961149301617492
  - x: 0.2634671816427918
    y: -1.4064642618318621
  - x: 0.1423441011313993
    y: -1.4198498344708956
  - x: 0.06643812038835425
    y: -1.3215801611084936
  - x: -0.15932094426268337
    y: -1.0295461989415096
  - x: -0.49526609429913776
    y: -0.9391119994048146
  - x: -0.8086843273235487
    y: -0.8091740281706759
  - x: -1.2481227764259033
    y: -0.6268364514541487
  - x: -1.4518446434594217
    y: -0.29236045960126744
  - x: -1.480411361652197
    y: 0.1687887918470351
  - x: -1.5
    y: 0.4835129173107587
  - x: -1.392752203008606
    y: 0.7360431077802988
  - x: -1.1157362082191429
    y: 0.8961802211350465
  - x: -0.8431276587910523
    y: 1.0538687667065185
  - x: -0.5718250018022749
    y: 1.0749265547243352
  - x: -0.31962130390212723
    y: 0.8450865226866439
  - x: -0.3049293651050134
    y: 0.8318641014669308
  - x: -0.2812615532991381
    y: 0.8284367273304454
  - x: -0.24518445519386584
    y: 0.8135814516400391
  - x: 0
    y: 0
  - x: 0.2125393680743787
    y: -0.8958512888227831
  - x: 0.4647430854340906
    y: -0.586350791495003
  - x: 0.7311485873967528
    y: -0.2644441603172384
  - x: 0.9900450910759814
    y: 0.06301259156586228
  - x: 1.0359151516586584
    y: 0.12128879086341496
  - x: 1.0688893638617176
    y: 0.20045954162387025
  - x: 1.0799895906777162
    y: 0.2742434179636858
  - x: 1.119166867373322
    y: 0.5385267960635541
  - x: 1.071174702995527
    y: 0.7842009928480099
  - x: 0.8645145554734337
    y: 0.9709460246556924
  - x: 0.7429017555675168
    y: 1.080805636931281
  - x: 0.49624813945357654
    y: 1.0597478586432465
  - x: 0.3031368333553341
    y: 0.9471131811500988
  - x: 0.14495857811911972
    y: 0.8547201040353063
  - x: 0.08064253872170671
    y: 0.7074788244655034
  - x: 0.05534055162721311
    y: 0.5377106473432212
  - x: 0.04570947083255989
    y: 0.47274166172615184
  - x: 0.06758345135472917
    y: 0.3992842682259466
  - x: 0.04570947083255989
    y: 0.34068158608878363
  - x: 0.0213869103648874
    y: 0.27603907844643355
  - x: -0.027584686112731273
    y: 0.19066525589609487
  - x: -0.0821063959983493
    y: 0.17613701764288076
  - x: -0.13875021028719683
    y: 0.16111906121136504
  - x: -0.22885794644384572
    y: 0.20486702103948085
  - x: -0.2791354572527869
    y: 0.250900323041963
  - x: -0.350960465744287
    y: 0.3165222646084708
  - x: -0.39585109240280625
    y: 0.4110374461264928
  - x: -0.459840648960609
    y: 0.4866169440299275
  - x: -0.6250381636261682
    y: 0.680707708376783
  - x: -0.7068207381843774
    y: 0.7068258879756292
  - x: -0.8834449673704367
    y: 0.6338582138699482
  - x: -1.0636604396837344
    y: 0.5594213864455854
  - x: -1.148707784259354
    y: 0.427198069388412
  - x: -1.1425047173343617
    y: 0.2156407698807603
  - x: -1.1332001139063161
    y: -0.10806149259040572
  - x: -1.0140358945540138
    y: -0.3584695786567163
  - x: -0.6918027999962032
    y: -0.49003993489956016
  - x: -0.397483411735482
    y: -0.6101836398654877
  - x: -0.11100375408015296
    y: -0.7499188790056268
  - x: 0.2125393680743787
    y: -0.8958512888227831
  - x: 0
    y: 0
  - x: 0
    y: 0
  svgCommands: 010000000400000004000000040000000400000004000000040000000400000004000000040000000400000004000000040000000400000004000000040000000400000004000000040000000400000004000000040000000400000004000000040000000400000004000000040000000400000004000000040000004f000000010000000400000004000000040000000400000004000000040000000400000004000000040000000400000004000000040000000400000004000000040000000400000004000000040000000400000004000000040000000400000004000000040000000400000004000000040000000400000004000000040000000400000004000000040000000400000004000000040000000400000004000000040000004f00000000000000
  reverse: 0
  offset: 0
--- !u!114 &2697342072280690196
MonoBehaviour:
  m_ObjectHideFlags: 0
  m_CorrespondingSourceObject: {fileID: 0}
  m_PrefabInstance: {fileID: 0}
  m_PrefabAsset: {fileID: 0}
  m_GameObject: {fileID: 2577247351129733591}
  m_Enabled: 1
  m_EditorHideFlags: 0
  m_Script: {fileID: 11500000, guid: 5120595cb07379d488e526d799bc1e6d, type: 3}
  m_Name: 
  m_EditorClassIdentifier: 
  path: {fileID: 4872301333024420762}
  sections:
  - weight: 1
    colors: 03000000
  options:
  - colors:
    - {r: 0.10538622, g: 0.8396226, b: 0, a: 1}
  - colors:
    - {r: 1, g: 0.5294118, b: 1, a: 1}
  - colors:
    - {r: 0.35686275, g: 0.79607844, b: 1, a: 1}
  - colors:
    - {r: 1, g: 0, b: 0, a: 1}
  - colors:
    - {r: 1, g: 0.89836216, b: 0, a: 1}
  brush: {fileID: 3007894469792822413}
  material: {fileID: 2100000, guid: 108036d14a7415f4b95df06c69a79ceb, type: 2}
--- !u!1 &2639194268099037968
GameObject:
  m_ObjectHideFlags: 0
  m_CorrespondingSourceObject: {fileID: 0}
  m_PrefabInstance: {fileID: 0}
  m_PrefabAsset: {fileID: 0}
  serializedVersion: 6
  m_Component:
  - component: {fileID: 833283795540672494}
  - component: {fileID: 5230240956492909071}
  m_Layer: 8
  m_Name: Option
  m_TagString: Untagged
  m_Icon: {fileID: 0}
  m_NavMeshLayer: 0
  m_StaticEditorFlags: 0
  m_IsActive: 1
--- !u!4 &833283795540672494
Transform:
  m_ObjectHideFlags: 0
  m_CorrespondingSourceObject: {fileID: 0}
  m_PrefabInstance: {fileID: 0}
  m_PrefabAsset: {fileID: 0}
  m_GameObject: {fileID: 2639194268099037968}
  m_LocalRotation: {x: -0, y: -0, z: -0, w: 1}
  m_LocalPosition: {x: 0, y: 0, z: 0}
  m_LocalScale: {x: 1, y: 1, z: 1}
  m_Children: []
  m_Father: {fileID: 8711980620885150683}
  m_RootOrder: 1
  m_LocalEulerAnglesHint: {x: 0, y: 0, z: 0}
--- !u!114 &5230240956492909071
MonoBehaviour:
  m_ObjectHideFlags: 0
  m_CorrespondingSourceObject: {fileID: 0}
  m_PrefabInstance: {fileID: 0}
  m_PrefabAsset: {fileID: 0}
  m_GameObject: {fileID: 2639194268099037968}
  m_Enabled: 0
  m_EditorHideFlags: 0
  m_Script: {fileID: 11500000, guid: 552fb6fa4deaccb46ba7fa59819fc06a, type: 3}
  m_Name: 
  m_EditorClassIdentifier: 
  special: 0
  objects:
  - {fileID: 114986966024178736, guid: ab37bdefbae5a66439cc1215a71ecb11, type: 3}
  - {fileID: 2647852329520218456, guid: 8d4f907bba59f6e42b73731e08670013, type: 3}
  objectSizeX:
    serializedVersion: 2
    m_Curve:
    - serializedVersion: 3
      time: 0
      value: 0.05
      inSlope: 0
      outSlope: 0
      tangentMode: 0
      weightedMode: 3
      inWeight: 0
      outWeight: 0
    - serializedVersion: 3
      time: 1
      value: 0.06
      inSlope: 0
      outSlope: 0
      tangentMode: 0
      weightedMode: 3
      inWeight: 0
      outWeight: 0
    m_PreInfinity: 2
    m_PostInfinity: 2
    m_RotationOrder: 4
  objectSizeY:
    serializedVersion: 2
    m_Curve:
    - serializedVersion: 3
      time: 0
      value: 0.05
      inSlope: 0
      outSlope: 0
      tangentMode: 0
      weightedMode: 3
      inWeight: 0
      outWeight: 0
    - serializedVersion: 3
      time: 1
      value: 0.06
      inSlope: 0
      outSlope: 0
      tangentMode: 0
      weightedMode: 3
      inWeight: 0
      outWeight: 0
    m_PreInfinity: 2
    m_PostInfinity: 2
    m_RotationOrder: 4
  objectSizeZ:
    serializedVersion: 2
    m_Curve:
    - serializedVersion: 3
      time: 0
      value: 0.05
      inSlope: 0
      outSlope: 0
      tangentMode: 0
      weightedMode: 3
      inWeight: 0
      outWeight: 0
    - serializedVersion: 3
      time: 1
      value: 0.06
      inSlope: 0
      outSlope: 0
      tangentMode: 0
      weightedMode: 3
      inWeight: 0
      outWeight: 0
    m_PreInfinity: 2
    m_PostInfinity: 2
    m_RotationOrder: 4
  rotationX:
    serializedVersion: 2
    m_Curve:
    - serializedVersion: 3
      time: 0
      value: 0
      inSlope: 0
      outSlope: 0
      tangentMode: 0
      weightedMode: 3
      inWeight: 0
      outWeight: 0
    - serializedVersion: 3
      time: 1
      value: 0
      inSlope: 0
      outSlope: 0
      tangentMode: 0
      weightedMode: 3
      inWeight: 0
      outWeight: 0
    m_PreInfinity: 2
    m_PostInfinity: 2
    m_RotationOrder: 4
  rotationY:
    serializedVersion: 2
    m_Curve:
    - serializedVersion: 3
      time: 0
      value: 0
      inSlope: 0
      outSlope: 0
      tangentMode: 0
      weightedMode: 3
      inWeight: 0
      outWeight: 0
    - serializedVersion: 3
      time: 1
      value: 0
      inSlope: 0
      outSlope: 0
      tangentMode: 0
      weightedMode: 3
      inWeight: 0
      outWeight: 0
    m_PreInfinity: 2
    m_PostInfinity: 2
    m_RotationOrder: 4
  rotationZ:
    serializedVersion: 2
    m_Curve:
    - serializedVersion: 3
      time: 0
      value: 0
      inSlope: 0
      outSlope: 0
      tangentMode: 0
      weightedMode: 3
      inWeight: 0
      outWeight: 0
    - serializedVersion: 3
      time: 1
      value: 360
      inSlope: 0
      outSlope: 0
      tangentMode: 0
      weightedMode: 3
      inWeight: 0
      outWeight: 0
    m_PreInfinity: 2
    m_PostInfinity: 2
    m_RotationOrder: 4
  color:
    serializedVersion: 2
    key0: {r: 0.21856683, g: 1, b: 0.08018869, a: 1}
    key1: {r: 0.21856683, g: 1, b: 0.08018869, a: 1}
    key2: {r: 1, g: 0.07843137, b: 0.46137494, a: 0}
    key3: {r: 1, g: 0.07843137, b: 0.46137494, a: 0}
    key4: {r: 1, g: 0.07843137, b: 0.46137494, a: 0}
    key5: {r: 1, g: 0.07843137, b: 0.46137494, a: 0}
    key6: {r: 1, g: 0.8209606, b: 0.07843137, a: 0}
    key7: {r: 0, g: 0, b: 0, a: 0}
    ctime0: 0
    ctime1: 65535
    ctime2: 57054
    ctime3: 57054
    ctime4: 57054
    ctime5: 57054
    ctime6: 65150
    ctime7: 0
    atime0: 0
    atime1: 65535
    atime2: 0
    atime3: 0
    atime4: 0
    atime5: 0
    atime6: 0
    atime7: 0
    m_Mode: 0
    m_NumColorKeys: 2
    m_NumAlphaKeys: 2
  spacing: 0.1
  radius: 0.4
  count: 2
  sprinklePreviewType: 0
--- !u!1 &3151526547155366164
GameObject:
  m_ObjectHideFlags: 0
  m_CorrespondingSourceObject: {fileID: 0}
  m_PrefabInstance: {fileID: 0}
  m_PrefabAsset: {fileID: 0}
  serializedVersion: 6
  m_Component:
  - component: {fileID: 2620567370604957600}
  - component: {fileID: 6990010782812244668}
  - component: {fileID: 5730247771078155759}
  - component: {fileID: 3656532252475014862}
  m_Layer: 8
  m_Name: StrokeManual 3
  m_TagString: Untagged
  m_Icon: {fileID: 0}
  m_NavMeshLayer: 0
  m_StaticEditorFlags: 0
  m_IsActive: 1
--- !u!4 &2620567370604957600
Transform:
  m_ObjectHideFlags: 0
  m_CorrespondingSourceObject: {fileID: 0}
  m_PrefabInstance: {fileID: 0}
  m_PrefabAsset: {fileID: 0}
  m_GameObject: {fileID: 3151526547155366164}
  m_LocalRotation: {x: 0, y: 0, z: 0, w: 1}
  m_LocalPosition: {x: 0.788, y: 0.111, z: 0}
  m_LocalScale: {x: 0.55, y: 0.55, z: 1}
  m_Children: []
  m_Father: {fileID: 5281291801275996666}
  m_RootOrder: 3
  m_LocalEulerAnglesHint: {x: 0, y: 0, z: 0}
--- !u!114 &6990010782812244668
MonoBehaviour:
  m_ObjectHideFlags: 0
  m_CorrespondingSourceObject: {fileID: 0}
  m_PrefabInstance: {fileID: 0}
  m_PrefabAsset: {fileID: 0}
  m_GameObject: {fileID: 3151526547155366164}
  m_Enabled: 1
  m_EditorHideFlags: 0
  m_Script: {fileID: 11500000, guid: f6202143f93329f4596fcd4f38f4496e, type: 3}
  m_Name: 
  m_EditorClassIdentifier: 
  tip: {fileID: 4760252478746094373, guid: 0499a74804bbbed4083ca126c34374b8, type: 3}
  size:
    serializedVersion: 2
    m_Curve:
    - serializedVersion: 3
      time: 0
      value: 0.1
      inSlope: 0
      outSlope: 0
      tangentMode: 0
      weightedMode: 3
      inWeight: 0
      outWeight: 0
    - serializedVersion: 3
      time: 1
      value: 0.1
      inSlope: 0
      outSlope: 0
      tangentMode: 0
      weightedMode: 3
      inWeight: 0
      outWeight: 0
    m_PreInfinity: 2
    m_PostInfinity: 2
    m_RotationOrder: 4
  twist: 0
--- !u!114 &5730247771078155759
MonoBehaviour:
  m_ObjectHideFlags: 0
  m_CorrespondingSourceObject: {fileID: 0}
  m_PrefabInstance: {fileID: 0}
  m_PrefabAsset: {fileID: 0}
  m_GameObject: {fileID: 3151526547155366164}
  m_Enabled: 1
  m_EditorHideFlags: 0
  m_Script: {fileID: 11500000, guid: c25f2c3c6d52ab744a70ac080b3e3958, type: 3}
  m_Name: 
  m_EditorClassIdentifier: 
  svgPoints:
  - x: -0.1063677332139573
    y: -1.433918115832618
  - x: -0.10160055170100736
    y: -1.261954588659251
  - x: -0.09692745902322245
    y: -1.0926255451317397
  - x: -0.0920661882077618
    y: -0.9189370413368492
  - x: -0.143093849051316
    y: -0.9075522586329918
  - x: -0.1877861794155689
    y: -0.8975788131300666
  - x: -0.23940973590360456
    y: -0.8860999397216615
  - x: -0.24747003646158977
    y: -0.9658247822168458
  - x: -0.2568475844506508
    y: -1.04097062414083
  - x: -0.2622420265783018
    y: -1.1163987204193218
  - x: -0.2690164428060481
    y: -1.212055982621381
  - x: -0.2727800069615999
    y: -1.307838702834936
  - x: -0.2773276477033828
    y: -1.40359003985179
  - x: -0.28074621868442
    y: -1.475348672493537
  - x: -0.2888065192424053
    y: -1.481715363736947
  - x: -0.35695840042871074
    y: -1.4638697990851317
  - x: -0.36931543692178376
    y: -1.4606080431409336
  - x: -0.3839306129363483
    y: -1.4605139540720955
  - x: -0.39340224789119166
    y: -1.4534259075369989
  - x: -0.4037834132376509
    y: -1.445773326355202
  - x: -0.41635999096923654
    y: -1.430719069265649
  - x: -0.41501138090466944
    y: -1.4206515349275588
  - x: -0.4136627702559203
    y: -1.4109289932966376
  - x: -0.3968835450739027
    y: -1.400579191518361
  - x: -0.3848401386545074
    y: -1.3959060993079218
  - x: -0.3741767058678617
    y: -1.3917661784096729
  - x: -0.3606592360458604
    y: -1.3950279342370349
  - x: -0.3456677065600184
    y: -1.3950279342370349
  - x: -0.3326834089848988
    y: -1.2173876900182996
  - x: -0.3199813788499655
    y: -1.0441069060669432
  - x: -0.3072479851468497
    y: -0.8693834222811636
  - x: -0.3225531475104434
    y: -0.8623581017140678
  - x: -0.3336870254076056
    y: -0.8568068445495779
  - x: -0.345134532443754
    y: -0.8520710261374649
  - x: -0.653433186492606
    y: -0.7248939153594418
  - x: -0.8790275385176934
    y: -0.5154828990642207
  - x: -0.9960116532073652
    y: -0.19805758968201548
  - x: -1.05174376889485
    y: -0.04691912033793212
  - x: -1.0470706785537933
    y: 0.10726156745060236
  - x: -1.013574954157759
    y: 0.2615363674415856
  - x: -1.0065809966915
    y: 0.2937462051706526
  - x: -1.0104386503832357
    y: 0.3158571477975207
  - x: -1.0287860276861878
    y: 0.34351934945826146
  - x: -1.083922247729191
    y: 0.4268823023036129
  - x: -1.1354517181861357
    y: 0.5127542957383857
  - x: -1.1863225565153201
    y: 0.59887720519615
  - x: -1.2105975470244408
    y: 0.6400568720054353
  - x: -1.191779724844645
    y: 0.6747757578014544
  - x: -1.1445156295586796
    y: 0.669694940139333
  - x: -1.0771164646618423
    y: 0.6624187157002333
  - x: -1.0107522797558945
    y: 0.6454826748971948
  - x: -0.9440430890570992
    y: 0.6320592939103584
  - x: -0.9253507183459594
    y: 0.6282643664202969
  - x: -0.9070660674783538
    y: 0.618353646418027
  - x: -0.8886246034432921
    y: 0.6183850099862096
  - x: -0.8713122072995934
    y: 0.6184163730249772
  - x: -0.8471940318273116
    y: 0.6224308415819478
  - x: -0.837847847406433
    y: 0.634097891258646
  - x: -0.7550807939443284
    y: 0.7374077332404652
  - x: -0.6396334464263441
    y: 0.7853304578501166
  - x: -0.5203598164960107
    y: 0.8278273739598604
  - x: -0.5125817833782119
    y: 0.8305873212253597
  - x: -0.5053996477742773
    y: 0.8351349614997969
  - x: -0.4859545645124347
    y: 0.8448888671662466
  - x: -0.5338459208804468
    y: 0.8561168348332651
  - x: -0.5710424865017787
    y: 0.864271223291724
  - x: -0.6079254145719022
    y: 0.8736487722154764
  - x: -0.6429579267028336
    y: 0.882555875094021
  - x: -0.677990438833765
    y: 0.8917766080462431
  - x: -0.7124584160843235
    y: 0.9026595820714016
  - x: -0.735541611565716
    y: 0.9099358065105012
  - x: -0.7597225123049802
    y: 0.92169694548971
  - x: -0.748306367902323
    y: 0.951868187739872
  - x: -0.7379879287575376
    y: 0.9790599405513308
  - x: -0.7141520207254421
    y: 0.9688355911764018
  - x: -0.6933583273990325
    y: 0.9639429567927588
  - x: -0.6167384248765163
    y: 0.9458464835954832
  - x: -0.5400558008257832
    y: 0.928220455508724
  - x: -0.4633418085334107
    y: 0.9107826069616778
  - x: -0.4533997256639768
    y: 0.9085558312420416
  - x: -0.4429871976840263
    y: 0.908336290003529
  - x: -0.4254552612365063
    y: 0.9063290555224056
  - x: -0.4243889179111072
    y: 0.9328621855530178
  - x: -0.42187987498495744
    y: 0.9554122106569112
  - x: -0.4227894030398449
    y: 0.9778367796186918
  - x: -0.42871701694703185
    y: 1.1225458287136176
  - x: -0.4367459544041801
    y: 1.267129434752109
  - x: -0.44145041111749334
    y: 1.4118384988020964
  - x: -0.4442730845846664
    y: 1.4992472818411489
  - x: -0.4402899787232563
    y: 1.5
  - x: -0.350560329026347
    y: 1.4908419913800688
  - x: -0.2150092810738216
    y: 1.4769481662174073
  - x: -0.07892505526626645
    y: 1.4669433562116083
  - x: 0.05634371589915899
    y: 1.4506032147918169
  - x: 0.13647627823787736
    y: 1.440912036729078
  - x: 0.215730664406249
    y: 1.4237564546875268
  - x: 0.2948596149957173
    y: 1.4070713186911836
  - x: 0.345950001106254
    y: 1.3963137970693729
  - x: 0.3504035548822546
    y: 1.3779664209347848
  - x: 0.3258462950635648
    y: 1.3293223464079216
  - x: 0.24621554233823684
    y: 1.1717230810955104
  - x: 0.16787067067172812
    y: 1.0134338490625885
  - x: 0.08914945488085545
    y: 0.8553327666592561
  - x: 0.08535452739079394
    y: 0.8478370009816437
  - x: 0.08293957353348205
    y: 0.8396512480203109
  - x: 0.07801557698369327
    y: 0.8268551290502126
  - x: 0.09219166958654118
    y: 0.8218997689322413
  - x: 0.10483097445449197
    y: 0.8158467026217067
  - x: 0.1181916283049631
    y: 0.8130867553562074
  - x: 0.1869080425022588
    y: 0.7987538477165207
  - x: 0.2558439970033758
    y: 0.7854245555648494
  - x: 0.32462313272888854
    y: 0.7714052789335317
  - x: 0.3349729354418566
    y: 0.7693039553835703
  - x: 0.34751815053995094
    y: 0.7681121601221692
  - x: 0.3543866551355166
    y: 0.7615572848992628
  - x: 0.3624783183269931
    y: 0.753873340616629
  - x: 0.3693468238572501
    y: 0.7407322289393619
  - x: 0.36915864525222863
    y: 0.730100157851516
  - x: 0.3690331930971584
    y: 0.7228866591467445
  - x: 0.3567388825574818
    y: 0.7112196094700464
  - x: 0.3484276771928014
    y: 0.7097769096356229
  - x: 0.332087533903627
    y: 0.706860147099612
  - x: 0.31433605528290304
    y: 0.7074874079479858
  - x: 0.2978704614597637
    y: 0.7105296225368352
  - x: 0.2204978482559273
    y: 0.7248625301765218
  - x: 0.14337613612002076
    y: 0.7406067750171408
  - x: 0.0660348836802929
    y: 0.7554728539690179
  - x: 0.05163924983893235
    y: 0.7582328012345172
  - x: 0.03689862142102021
    y: 0.7593305076607532
  - x: 0.007762359161747526
    y: 0.763031345848304
  - x: 0.03153554192686048
    y: 0.7447780576141896
  - x: 0.044488475933797574
    y: 0.7356514134971325
  - x: 0.05656324498668411
    y: 0.7254897893891858
  - x: 0.13296360720537895
    y: 0.6611641962233775
  - x: 0.21202981383403785
    y: 0.5996926419623076
  - x: 0.2846038861628528
    y: 0.5313525868444374
  - x: 0.3682804690818819
    y: 0.4526000028119255
  - x: 0.44496309313261506
    y: 0.3664457400675835
  - x: 0.5270088041550388
    y: 0.28584272887958323
  - x: 0.579447804068908
    y: 0.23431325842263856
  - x: 0.6425502339653486
    y: 0.19793213622714012
  - x: 0.7151870278223806
    y: 0.1827210589599461
  - x: 0.7415633428161541
    y: 0.1771698013281106
  - x: 0.7718600374696637
    y: 0.17302988089720733
  - x: 0.7967309217538832
    y: 0.18046292037314587
  - x: 0.918795861583207
    y: 0.2171890371451959
  - x: 1.03298868132895
    y: 0.2676208023442687
  - x: 1.1039632200926757
    y: 0.38313086391293927
  - x: 1.1138425767604356
    y: 0.3992201023954185
  - x: 1.12604279821667
    y: 0.4152152511080413
  - x: 1.1406893368647255
    y: 0.42675684978342887
  - x: 1.1688533444000913
    y: 0.4488677905409144
  - x: 1.1949160274508044
    y: 0.44021159246906505
  - x: 1.2034154114205065
    y: 0.405931793823528
  - x: 1.208903942850668
    y: 0.3834758584894909
  - x: 1.2105975470244408
    y: 0.3595458625569218
  - x: 1.2103466426850913
    y: 0.3362744894051993
  - x: 1.2079003257269425
    y: 0.08063437183527238
  - x: 1.1653720467500346
    y: -0.1683881309907225
  - x: 1.0791236942358364
    y: -0.4090053807432913
  - x: 1.048732911681853
    y: -0.4938423941871747
  - x: 0.9993047619707957
    y: -0.5692077689374494
  - x: 0.9373941271020833
    y: -0.6349447011735726
  - x: 0.7757176633543315
    y: -0.8065632449866841
  - x: 0.5754646781116338
    y: -0.8999623601897211
  - x: 0.34202959667719696
    y: -0.925836859961956
  - x: 0.22742905708792008
    y: -0.938444801261724
  - x: 0.11292261474603035
    y: -0.9474146303419424
  - x: -0.002022930636094261
    y: -0.9299767808602049
  - x: -0.007887818808953081
    y: -0.9290672528053174
  - x: -0.014348604495676017
    y: -0.9316390218163044
  - x: -0.02727017586912189
    y: -0.9336776192814286
  - x: -0.02839924516252199
    y: -0.957921247157058
  - x: -0.029904670964946405
    y: -0.9828548604470252
  - x: -0.03065738398299503
    y: -1.0077257522087757
  - x: -0.03476594178040705
    y: -1.1460681025827608
  - x: -0.03856086950414141
    y: -1.284473204395086
  - x: -0.04282624280573794
    y: -1.4228782912523497
  svgCommands: 010000000400000004000000040000000400000004000000040000000400000004000000040000000400000004000000040000000400000004000000040000000400000004000000040000000400000004000000040000000400000004000000040000000400000004000000040000000400000004000000040000000400000004000000040000000400000004000000040000000400000004000000040000000400000004000000040000000400000004000000040000000400000004000000040000000400000004000000040000000400000004000000040000000400000004000000040000000400000004000000040000000400000004000000040000000400000004000000040000000400000004000000040000000400000004000000040000000400000004000000040000000400000004000000040000000400000004000000040000000400000004000000040000000400000004000000040000000400000004000000040000000400000004000000040000000400000004000000040000000400000004000000040000000400000004000000040000000400000004000000040000000400000004000000040000000400000004000000040000000400000004000000040000000400000004000000040000000400000004000000040000000400000004000000040000000400000004000000040000000400000004000000040000000400000004000000040000000400000004000000040000000400000004000000040000000400000004000000040000000400000004000000040000000400000004000000040000000400000004000000040000000400000004000000040000000400000004000000040000000400000004000000040000000400000004000000040000000400000004000000040000000400000004000000040000000400000004000000040000000400000004000000040000000400000004000000040000000400000004000000040000000400000004000000040000000400000004000000040000000400000004000000040000000400000004000000040000000400000004000000040000004f000000010000000400000004000000040000000400000004000000040000000400000004000000040000000400000004000000040000000400000004000000040000000400000004000000040000000400000004000000040000000400000004000000040000000400000004000000040000000400000004000000040000000400000004000000040000000400000004000000040000000400000004000000040000000400000004000000040000000400000004000000040000000400000004000000040000000400000004000000040000004f000000010000000400000004000000040000000400000004000000040000000400000004000000040000000400000004000000040000004f000000010000000400000004000000040000000400000004000000040000000400000004000000040000000400000004000000040000000400000004000000040000004f000000010000000400000004000000040000000400000004000000040000000400000004000000040000000400000004000000040000004f00000000000000
  reverse: 0
  offset: 0
--- !u!114 &3656532252475014862
MonoBehaviour:
  m_ObjectHideFlags: 0
  m_CorrespondingSourceObject: {fileID: 0}
  m_PrefabInstance: {fileID: 0}
  m_PrefabAsset: {fileID: 0}
  m_GameObject: {fileID: 3151526547155366164}
  m_Enabled: 1
  m_EditorHideFlags: 0
  m_Script: {fileID: 11500000, guid: 5120595cb07379d488e526d799bc1e6d, type: 3}
  m_Name: 
  m_EditorClassIdentifier: 
  path: {fileID: 5730247771078155759}
  sections:
  - weight: 1
    colors: 02000000
  options:
  - colors:
    - {r: 0.10538622, g: 0.8396226, b: 0, a: 1}
  - colors:
    - {r: 1, g: 0.5294118, b: 1, a: 1}
  - colors:
    - {r: 0.35686275, g: 0.79607844, b: 1, a: 1}
  - colors:
    - {r: 1, g: 0, b: 0, a: 1}
  - colors:
    - {r: 1, g: 0.89836216, b: 0, a: 1}
  brush: {fileID: 6990010782812244668}
  material: {fileID: 2100000, guid: 108036d14a7415f4b95df06c69a79ceb, type: 2}
--- !u!1 &4545928941492640002
GameObject:
  m_ObjectHideFlags: 0
  m_CorrespondingSourceObject: {fileID: 0}
  m_PrefabInstance: {fileID: 0}
  m_PrefabAsset: {fileID: 0}
  serializedVersion: 6
  m_Component:
  - component: {fileID: 8143099588597970709}
  m_Layer: 0
  m_Name: finishCameraTransform
  m_TagString: Untagged
  m_Icon: {fileID: 0}
  m_NavMeshLayer: 0
  m_StaticEditorFlags: 0
  m_IsActive: 1
--- !u!4 &8143099588597970709
Transform:
  m_ObjectHideFlags: 0
  m_CorrespondingSourceObject: {fileID: 0}
  m_PrefabInstance: {fileID: 0}
  m_PrefabAsset: {fileID: 0}
  m_GameObject: {fileID: 4545928941492640002}
  m_LocalRotation: {x: 0.5, y: 0, z: 0, w: 0.8660254}
  m_LocalPosition: {x: 0, y: 6.6, z: -3.6}
  m_LocalScale: {x: 1, y: 1, z: 1}
  m_Children: []
  m_Father: {fileID: 7964960137483490635}
  m_RootOrder: 1
  m_LocalEulerAnglesHint: {x: 0, y: 0, z: 0}
--- !u!1 &5244310712693384523
GameObject:
  m_ObjectHideFlags: 0
  m_CorrespondingSourceObject: {fileID: 0}
  m_PrefabInstance: {fileID: 0}
  m_PrefabAsset: {fileID: 0}
  serializedVersion: 6
  m_Component:
  - component: {fileID: 4795991864765953218}
  - component: {fileID: 4128691294284944690}
  m_Layer: 0
  m_Name: Path
  m_TagString: Untagged
  m_Icon: {fileID: 0}
  m_NavMeshLayer: 0
  m_StaticEditorFlags: 0
  m_IsActive: 1
--- !u!4 &4795991864765953218
Transform:
  m_ObjectHideFlags: 0
  m_CorrespondingSourceObject: {fileID: 0}
  m_PrefabInstance: {fileID: 0}
  m_PrefabAsset: {fileID: 0}
  m_GameObject: {fileID: 5244310712693384523}
  m_LocalRotation: {x: 0, y: 0, z: 0, w: 1}
  m_LocalPosition: {x: 0, y: 0, z: 0}
  m_LocalScale: {x: 1, y: 1, z: 1}
  m_Children: []
  m_Father: {fileID: 3936753449808227436}
  m_RootOrder: 1
  m_LocalEulerAnglesHint: {x: 0, y: 0, z: 0}
--- !u!114 &4128691294284944690
MonoBehaviour:
  m_ObjectHideFlags: 0
  m_CorrespondingSourceObject: {fileID: 0}
  m_PrefabInstance: {fileID: 0}
  m_PrefabAsset: {fileID: 0}
  m_GameObject: {fileID: 5244310712693384523}
  m_Enabled: 1
  m_EditorHideFlags: 0
  m_Script: {fileID: 11500000, guid: c25f2c3c6d52ab744a70ac080b3e3958, type: 3}
  m_Name: 
  m_EditorClassIdentifier: 
  svgPoints:
  - x: 1.1783049653508124
    y: -0.9965056292168795
  - x: -1.178305178771396
    y: -0.9965056292168795
  - x: -1.178305178771396
    y: -0.8188321798187931
  - x: -1.3223265506019135
    y: -0.6748108079882755
  - x: -1.5
    y: -0.6748108079882755
  - x: -1.5
    y: 0.6748108079882755
  - x: -1.3223265506019135
    y: 0.6748108079882755
  - x: -1.178305178771396
    y: 0.8188321798187931
  - x: -1.178305178771396
    y: 0.9965056292168795
  - x: 1.178305178771396
    y: 0.9965056292168795
  - x: 1.178305178771396
    y: 0.8188321798187931
  - x: 1.3223405429889168
    y: 0.6748108079882755
  - x: 1.5
    y: 0.6748108079882755
  - x: 1.5
    y: -0.6748108079882755
  - x: 1.3223403829234792
    y: -0.6748108079882755
  - x: 1.1783049653508124
    y: -0.8188321398024336
  - x: 1.1783049653508124
    y: -0.9965056292168795
  - x: 0
    y: 0
  - x: 0
    y: 0
  svgCommands: 01000000020000000400000004000000040000000200000004000000040000000400000002000000040000000400000004000000020000000400000004000000040000004f00000000000000
  reverse: 0
  offset: 0
--- !u!1 &5400059826604163972
GameObject:
  m_ObjectHideFlags: 0
  m_CorrespondingSourceObject: {fileID: 0}
  m_PrefabInstance: {fileID: 0}
  m_PrefabAsset: {fileID: 0}
  serializedVersion: 6
  m_Component:
  - component: {fileID: 1809640766460224029}
  - component: {fileID: 5129965312728626562}
  - component: {fileID: 8419465619855022559}
  - component: {fileID: 227573811036508721}
  m_Layer: 8
  m_Name: StrokeManual 2
  m_TagString: Untagged
  m_Icon: {fileID: 0}
  m_NavMeshLayer: 0
  m_StaticEditorFlags: 0
  m_IsActive: 1
--- !u!4 &1809640766460224029
Transform:
  m_ObjectHideFlags: 0
  m_CorrespondingSourceObject: {fileID: 0}
  m_PrefabInstance: {fileID: 0}
  m_PrefabAsset: {fileID: 0}
  m_GameObject: {fileID: 5400059826604163972}
  m_LocalRotation: {x: 0, y: 0, z: 0, w: 1}
  m_LocalPosition: {x: -0.611, y: -0.123, z: 0}
  m_LocalScale: {x: 0.4, y: 0.4, z: 1}
  m_Children: []
  m_Father: {fileID: 5281291801275996666}
  m_RootOrder: 2
  m_LocalEulerAnglesHint: {x: 0, y: 0, z: 0}
--- !u!114 &5129965312728626562
MonoBehaviour:
  m_ObjectHideFlags: 0
  m_CorrespondingSourceObject: {fileID: 0}
  m_PrefabInstance: {fileID: 0}
  m_PrefabAsset: {fileID: 0}
  m_GameObject: {fileID: 5400059826604163972}
  m_Enabled: 1
  m_EditorHideFlags: 0
  m_Script: {fileID: 11500000, guid: f6202143f93329f4596fcd4f38f4496e, type: 3}
  m_Name: 
  m_EditorClassIdentifier: 
  tip: {fileID: 4760252478746094373, guid: 0499a74804bbbed4083ca126c34374b8, type: 3}
  size:
    serializedVersion: 2
    m_Curve:
    - serializedVersion: 3
      time: 0
      value: 0.1
      inSlope: 0
      outSlope: 0
      tangentMode: 0
      weightedMode: 3
      inWeight: 0
      outWeight: 0
    - serializedVersion: 3
      time: 1
      value: 0.1
      inSlope: 0
      outSlope: 0
      tangentMode: 0
      weightedMode: 3
      inWeight: 0
      outWeight: 0
    m_PreInfinity: 2
    m_PostInfinity: 2
    m_RotationOrder: 4
  twist: 0
--- !u!114 &8419465619855022559
MonoBehaviour:
  m_ObjectHideFlags: 0
  m_CorrespondingSourceObject: {fileID: 0}
  m_PrefabInstance: {fileID: 0}
  m_PrefabAsset: {fileID: 0}
  m_GameObject: {fileID: 5400059826604163972}
  m_Enabled: 1
  m_EditorHideFlags: 0
  m_Script: {fileID: 11500000, guid: c25f2c3c6d52ab744a70ac080b3e3958, type: 3}
  m_Name: 
  m_EditorClassIdentifier: 
  svgPoints:
  - x: 0.3907209852328136
    y: -0.6862993360576609
  - x: 0.41109898895641106
    y: -0.8967683477255323
  - x: 0.43171033023725225
    y: -1.108481801640206
  - x: 0.4528272308168252
    y: -1.3261064304026835
  - x: 0.4872442794399254
    y: -1.3243953002924809
  - x: 0.5158279308556467
    y: -1.3195730245800457
  - x: 0.5434782413143296
    y: -1.322995284800451
  - x: 0.5588006335067364
    y: -1.3248619722197401
  - x: 0.5722952279693106
    y: -1.3406899263186107
  - x: 0.5865676104260571
    y: -1.3501789201446466
  - x: 0.5754063753100311
    y: -1.3656957587561005
  - x: 0.5664229419417192
    y: -1.3836626254927245
  - x: 0.5523838970422165
    y: -1.3958738703444105
  - x: 0.5435949106724476
    y: -1.403379509421275
  - x: 0.5273780634457349
    y: -1.402796169584638
  - x: 0.5143890305998766
    y: -1.4047406355135963
  - x: 0.3936376884724714
    y: -1.4227852798906455
  - x: 0.3770708424433416
    y: -1.40870734617093
  - x: 0.3662984932114573
    y: -1.2868282120314714
  - x: 0.35089832221963335
    y: -1.1133040663422165
  - x: 0.3341370239764962
    y: -0.9398187886113164
  - x: 0.3174923956709729
    y: -0.7664113209726199
  - x: 0.3158201548156049
    y: -0.7487166794544602
  - x: 0.3110367686477524
    y: -0.7312942643137568
  - x: 0.3064867181537815
    y: -0.7071439940338884
  - x: 0.2414637716480964
    y: -0.7204441420774156
  - x: 0.180563100352532
    y: -0.7329276133065581
  - x: 0.11390679558210896
    y: -0.7466166541881792
  - x: 0.11390679558210896
    y: -0.963463515818342
  - x: 0.11390679558210896
    y: -1.1783269989399965
  - x: 0.11390679558210896
    y: -1.3980127792154393
  - x: 0.14933496743864091
    y: -1.4045461850380772
  - x: 0.18351867850449732
    y: -1.4076573306403095
  - x: 0.2151356949845458
    y: -1.418274116478399
  - x: 0.2283580642286558
    y: -1.4227074990629924
  - x: 0.24508047133359623
    y: -1.4440577357510689
  - x: 0.24391379281931416
    y: -1.4563467605611642
  - x: 0.2428637811278548
    y: -1.4685191177516297
  - x: 0.22128020738959348
    y: -1.4887804538555973
  - x: 0.20910785135811996
    y: -1.488430449837716
  - x: 0.16201288508683037
    y: -1.4869526556911428
  - x: 0.1143345749224314
    y: -1.482013711634708
  - x: 0.06828961838680202
    y: -1.4718247103524051
  - x: 0.02881695823251112
    y: -1.463074613382345
  - x: 0.02971141268732106
    y: -1.4257019761763507
  - x: 0.02971141268732106
    y: -1.3940460685581055
  - x: 0.029866969978298238
    y: -1.288344896881619
  - x: 0.03153921070690153
    y: -1.1826826117073608
  - x: 0.03200588263416081
    y: -1.0769814400308744
  - x: 0.03247255448898308
    y: -0.9744302975613685
  - x: 0.03208366127964939
    y: -0.8719569466401927
  - x: 0.03208366127964939
    y: -0.7638446263868119
  - x: 0.0036555674627624982
    y: -0.7651668633691725
  - x: -0.013805735339161374
    y: -0.7654779778424713
  - x: -0.03122815395684099
    y: -0.766800214679958
  - x: -0.28206426632590825
    y: -0.7860893175296985
  - x: -0.529750368031868
    y: -0.7678113370441457
  - x: -0.7630084833225638
    y: -0.6700046917774057
  - x: -1.0625340383613984
    y: -0.5443144022614633
  - x: -1.2778642151414137
    y: -0.3338064948194269
  - x: -1.370381898281058
    y: -0.013241821477412817
  - x: -1.43353815360073
    y: 0.2055494950712835
  - x: -1.4825387021962295
    y: 0.42686863824743265
  - x: -1.4899276661200165
    y: 0.655693395582117
  - x: -1.4916776856299276
    y: 0.7083495350013133
  - x: -1.4973944157971726
    y: 0.7610056744205095
  - x: -1.4992611029267136
    y: 0.8137007142498391
  - x: -1.5
    y: 0.8345065019497273
  - x: -1.4976666407258887
    y: 0.8562067441044254
  - x: -1.4921832466671476
    y: 0.8762347438101414
  - x: -1.4821109124249785
    y: 0.9131407093786243
  - x: -1.4587773189594948
    y: 0.9241852780340124
  - x: -1.4272380824378557
    y: 0.9032628215555024
  - x: -1.3966710756934675
    y: 0.8830403754307395
  - x: -1.3659874001704573
    y: 0.8594345579057837
  - x: -1.344053827412468
    y: 0.8306564600710155
  - x: -1.261336238229631
    y: 0.7219997009706269
  - x: -1.143618275074458
    y: 0.6706657999825314
  - x: -1.0215835856541489
    y: 0.6246597299491304
  - x: -0.9699774559706128
    y: 0.6052928482999727
  - x: -0.9195769005755238
    y: 0.6056039623386495
  - x: -0.8665707501844936
    y: 0.6211208018193473
  - x: -0.7833475993849408
    y: 0.6454655162002785
  - x: -0.7103134539241629
    y: 0.6871548669224958
  - x: -0.6491016674309297
    y: 0.7467333090588962
  - x: -0.5563506374621047
    y: 0.8369176444419132
  - x: -0.4638718315527519
    y: 0.92784087899889
  - x: -0.37738198276759655
    y: 1.023897493455546
  - x: -0.2537917219949113
    y: 1.1610990221053956
  - x: -0.11071791427142257
    y: 1.2726335863532925
  - x: 0.04950610191817851
    y: 1.361651261765901
  - x: 0.22306913410966195
    y: 1.4580189960561938
  - x: 0.4086100990934135
    y: 1.4887804538555973
  - x: 0.6001011068833242
    y: 1.4279186644262931
  - x: 0.7024966848000431
    y: 1.395368302353238
  - x: 0.8019755710670251
    y: 1.350762253027331
  - x: 0.8978377530125389
    y: 1.3019950466250436
  - x: 0.9456327273195916
    y: 1.277689221064325
  - x: 0.9870887474385176
    y: 1.2356887528264544
  - x: 1.0226335880736717
    y: 1.1942716284816937
  - x: 1.056000624643127
    y: 1.1553823075845435
  - x: 1.0897176675484486
    y: 1.1502100272747309
  - x: 1.1346737232102209
    y: 1.162226828025354
  - x: 1.2059967374018041
    y: 1.1813214844560476
  - x: 1.2780975372695753
    y: 1.1976549998818862
  - x: 1.349926108441906
    y: 1.214844080942322
  - x: 1.3627206948687172
    y: 1.2179552265445543
  - x: 1.3758652853134101
    y: 1.220677479308693
  - x: 1.3889320981176776
    y: 1.221455265564377
  - x: 1.4226880275252274
    y: 1.2233997316382093
  - x: 1.4599828882497887
    y: 1.232888725898867
  - x: 1.4810220111889365
    y: 1.1947383030166847
  - x: 1.5
    y: 1.1602045856149628
  - x: 1.4749163876041014
    y: 1.1347709680421905
  - x: 1.458466205717625
    y: 1.108326236507923
  - x: 1.392976588733421
    y: 1.0030139576695305
  - x: 1.325736949341825
    y: 0.8987128020645697
  - x: 1.2632418155556877
    y: 0.7916505100907224
  - x: 1.252158359239079
    y: 0.7725558536600289
  - x: 1.256008401697287
    y: 0.7412499500596652
  - x: 1.260752898900053
    y: 0.7171385709179936
  - x: 1.2877031990049888
    y: 0.5787703637538617
  - x: 1.301703352766295
    y: 0.44071328569530366
  - x: 1.2774753071639855
    y: 0.30005058946096275
  - x: 1.2361359604596496
    y: 0.05975347949459947
  - x: 1.1198957771085225
    y: -0.14177098762517248
  - x: 0.9539939421722344
    y: -0.3145173661821127
  - x: 0.804347833431439
    y: -0.4702691008257274
  - x: 0.6314847953678135
    y: -0.5952204818957736
  - x: 0.4249436171269842
    y: -0.6679435260667875
  svgCommands: 010000000400000004000000040000000400000004000000040000000400000004000000040000000400000004000000040000000400000004000000040000000400000004000000040000000400000004000000040000000400000004000000040000000400000004000000040000000400000004000000040000000400000004000000040000000400000004000000040000000400000004000000040000000400000004000000040000000400000004000000040000000400000004000000040000000400000004000000040000000400000004000000040000000400000004000000040000000400000004000000040000000400000004000000040000000400000004000000040000000400000004000000040000000400000004000000040000000400000004000000040000000400000004000000040000000400000004000000040000000400000004000000040000000400000004000000040000000400000004000000040000000400000004000000040000000400000004000000040000000400000004000000040000000400000004000000040000000400000004000000040000000400000004000000040000000400000004000000040000000400000004000000040000000400000004000000040000000400000004000000040000000400000004000000040000000400000004000000040000000400000004000000040000000400000004000000040000004f000000010000000400000004000000040000000400000004000000040000000400000004000000040000000400000004000000040000000400000004000000040000000400000004000000040000000400000004000000040000000400000004000000040000000400000004000000040000000400000004000000040000000400000004000000040000000400000004000000040000000400000004000000040000000400000004000000040000000400000004000000040000004f000000010000000400000004000000040000000400000004000000040000000400000004000000040000000400000004000000040000004f00000000000000
  reverse: 0
  offset: 0
--- !u!114 &227573811036508721
MonoBehaviour:
  m_ObjectHideFlags: 0
  m_CorrespondingSourceObject: {fileID: 0}
  m_PrefabInstance: {fileID: 0}
  m_PrefabAsset: {fileID: 0}
  m_GameObject: {fileID: 5400059826604163972}
  m_Enabled: 1
  m_EditorHideFlags: 0
  m_Script: {fileID: 11500000, guid: 5120595cb07379d488e526d799bc1e6d, type: 3}
  m_Name: 
  m_EditorClassIdentifier: 
  path: {fileID: 8419465619855022559}
  sections:
  - weight: 1
    colors: 01000000
  options:
  - colors:
    - {r: 0.10538622, g: 0.8396226, b: 0, a: 1}
  - colors:
    - {r: 1, g: 0.5294118, b: 1, a: 1}
  - colors:
    - {r: 0.35686275, g: 0.79607844, b: 1, a: 1}
  - colors:
    - {r: 1, g: 0, b: 0, a: 1}
  - colors:
    - {r: 1, g: 0.89836216, b: 0, a: 1}
  brush: {fileID: 5129965312728626562}
  material: {fileID: 2100000, guid: 108036d14a7415f4b95df06c69a79ceb, type: 2}
--- !u!1 &5549678179118948113
GameObject:
  m_ObjectHideFlags: 0
  m_CorrespondingSourceObject: {fileID: 0}
  m_PrefabInstance: {fileID: 0}
  m_PrefabAsset: {fileID: 0}
  serializedVersion: 6
  m_Component:
  - component: {fileID: 8700158847687471676}
  - component: {fileID: 1436629254493129471}
  m_Layer: 8
  m_Name: Option
  m_TagString: Untagged
  m_Icon: {fileID: 0}
  m_NavMeshLayer: 0
  m_StaticEditorFlags: 0
  m_IsActive: 1
--- !u!4 &8700158847687471676
Transform:
  m_ObjectHideFlags: 0
  m_CorrespondingSourceObject: {fileID: 0}
  m_PrefabInstance: {fileID: 0}
  m_PrefabAsset: {fileID: 0}
  m_GameObject: {fileID: 5549678179118948113}
  m_LocalRotation: {x: -0, y: -0, z: -0, w: 1}
  m_LocalPosition: {x: 0, y: 0, z: 0}
  m_LocalScale: {x: 1, y: 1, z: 1}
  m_Children: []
  m_Father: {fileID: 8711980620885150683}
  m_RootOrder: 2
  m_LocalEulerAnglesHint: {x: 0, y: 0, z: 0}
--- !u!114 &1436629254493129471
MonoBehaviour:
  m_ObjectHideFlags: 0
  m_CorrespondingSourceObject: {fileID: 0}
  m_PrefabInstance: {fileID: 0}
  m_PrefabAsset: {fileID: 0}
  m_GameObject: {fileID: 5549678179118948113}
  m_Enabled: 0
  m_EditorHideFlags: 0
  m_Script: {fileID: 11500000, guid: 552fb6fa4deaccb46ba7fa59819fc06a, type: 3}
  m_Name: 
  m_EditorClassIdentifier: 
  special: 0
  objects:
  - {fileID: 114986966024178736, guid: ab37bdefbae5a66439cc1215a71ecb11, type: 3}
  - {fileID: 2647852329520218456, guid: 8d4f907bba59f6e42b73731e08670013, type: 3}
  objectSizeX:
    serializedVersion: 2
    m_Curve:
    - serializedVersion: 3
      time: 0
      value: 0.05
      inSlope: 0
      outSlope: 0
      tangentMode: 0
      weightedMode: 3
      inWeight: 0
      outWeight: 0
    - serializedVersion: 3
      time: 1
      value: 0.06
      inSlope: 0
      outSlope: 0
      tangentMode: 0
      weightedMode: 3
      inWeight: 0
      outWeight: 0
    m_PreInfinity: 2
    m_PostInfinity: 2
    m_RotationOrder: 4
  objectSizeY:
    serializedVersion: 2
    m_Curve:
    - serializedVersion: 3
      time: 0
      value: 0.05
      inSlope: 0
      outSlope: 0
      tangentMode: 0
      weightedMode: 3
      inWeight: 0
      outWeight: 0
    - serializedVersion: 3
      time: 1
      value: 0.06
      inSlope: 0
      outSlope: 0
      tangentMode: 0
      weightedMode: 3
      inWeight: 0
      outWeight: 0
    m_PreInfinity: 2
    m_PostInfinity: 2
    m_RotationOrder: 4
  objectSizeZ:
    serializedVersion: 2
    m_Curve:
    - serializedVersion: 3
      time: 0
      value: 0.05
      inSlope: 0
      outSlope: 0
      tangentMode: 0
      weightedMode: 3
      inWeight: 0
      outWeight: 0
    - serializedVersion: 3
      time: 1
      value: 0.06
      inSlope: 0
      outSlope: 0
      tangentMode: 0
      weightedMode: 3
      inWeight: 0
      outWeight: 0
    m_PreInfinity: 2
    m_PostInfinity: 2
    m_RotationOrder: 4
  rotationX:
    serializedVersion: 2
    m_Curve:
    - serializedVersion: 3
      time: 0
      value: 0
      inSlope: 0
      outSlope: 0
      tangentMode: 0
      weightedMode: 3
      inWeight: 0
      outWeight: 0
    - serializedVersion: 3
      time: 1
      value: 0
      inSlope: 0
      outSlope: 0
      tangentMode: 0
      weightedMode: 3
      inWeight: 0
      outWeight: 0
    m_PreInfinity: 2
    m_PostInfinity: 2
    m_RotationOrder: 4
  rotationY:
    serializedVersion: 2
    m_Curve:
    - serializedVersion: 3
      time: 0
      value: 0
      inSlope: 0
      outSlope: 0
      tangentMode: 0
      weightedMode: 3
      inWeight: 0
      outWeight: 0
    - serializedVersion: 3
      time: 1
      value: 0
      inSlope: 0
      outSlope: 0
      tangentMode: 0
      weightedMode: 3
      inWeight: 0
      outWeight: 0
    m_PreInfinity: 2
    m_PostInfinity: 2
    m_RotationOrder: 4
  rotationZ:
    serializedVersion: 2
    m_Curve:
    - serializedVersion: 3
      time: 0
      value: 0
      inSlope: 0
      outSlope: 0
      tangentMode: 0
      weightedMode: 3
      inWeight: 0
      outWeight: 0
    - serializedVersion: 3
      time: 1
      value: 360
      inSlope: 0
      outSlope: 0
      tangentMode: 0
      weightedMode: 3
      inWeight: 0
      outWeight: 0
    m_PreInfinity: 2
    m_PostInfinity: 2
    m_RotationOrder: 4
  color:
    serializedVersion: 2
    key0: {r: 0.07843137, g: 0.4779123, b: 1, a: 1}
    key1: {r: 0.07843137, g: 0.4779123, b: 1, a: 1}
    key2: {r: 1, g: 0.8209606, b: 0.07843137, a: 0}
    key3: {r: 1, g: 0.8209606, b: 0.07843137, a: 0}
    key4: {r: 1, g: 0.8209606, b: 0.07843137, a: 0}
    key5: {r: 1, g: 0.8209606, b: 0.07843137, a: 0}
    key6: {r: 1, g: 0.8209606, b: 0.07843137, a: 0}
    key7: {r: 0, g: 0, b: 0, a: 0}
    ctime0: 0
    ctime1: 65535
    ctime2: 64571
    ctime3: 64571
    ctime4: 64571
    ctime5: 64571
    ctime6: 64571
    ctime7: 0
    atime0: 0
    atime1: 65535
    atime2: 0
    atime3: 0
    atime4: 0
    atime5: 0
    atime6: 0
    atime7: 0
    m_Mode: 0
    m_NumColorKeys: 2
    m_NumAlphaKeys: 2
  spacing: 0.1
  radius: 0.4
  count: 2
  sprinklePreviewType: 0
--- !u!1 &6044887819356204784
GameObject:
  m_ObjectHideFlags: 0
  m_CorrespondingSourceObject: {fileID: 0}
  m_PrefabInstance: {fileID: 0}
  m_PrefabAsset: {fileID: 0}
  serializedVersion: 6
  m_Component:
  - component: {fileID: 3388357045614227053}
  - component: {fileID: 689698747538824257}
  m_Layer: 8
  m_Name: Option
  m_TagString: Untagged
  m_Icon: {fileID: 0}
  m_NavMeshLayer: 0
  m_StaticEditorFlags: 0
  m_IsActive: 1
--- !u!4 &3388357045614227053
Transform:
  m_ObjectHideFlags: 0
  m_CorrespondingSourceObject: {fileID: 0}
  m_PrefabInstance: {fileID: 0}
  m_PrefabAsset: {fileID: 0}
  m_GameObject: {fileID: 6044887819356204784}
  m_LocalRotation: {x: -0, y: -0, z: -0, w: 1}
  m_LocalPosition: {x: 0, y: 0, z: 0}
  m_LocalScale: {x: 1, y: 1, z: 1}
  m_Children: []
  m_Father: {fileID: 8711980620885150683}
  m_RootOrder: 4
  m_LocalEulerAnglesHint: {x: 0, y: 0, z: 0}
--- !u!114 &689698747538824257
MonoBehaviour:
  m_ObjectHideFlags: 0
  m_CorrespondingSourceObject: {fileID: 0}
  m_PrefabInstance: {fileID: 0}
  m_PrefabAsset: {fileID: 0}
  m_GameObject: {fileID: 6044887819356204784}
  m_Enabled: 0
  m_EditorHideFlags: 0
  m_Script: {fileID: 11500000, guid: 552fb6fa4deaccb46ba7fa59819fc06a, type: 3}
  m_Name: 
  m_EditorClassIdentifier: 
  special: 0
  objects:
  - {fileID: 114986966024178736, guid: ab37bdefbae5a66439cc1215a71ecb11, type: 3}
  - {fileID: 2647852329520218456, guid: 8d4f907bba59f6e42b73731e08670013, type: 3}
  objectSizeX:
    serializedVersion: 2
    m_Curve:
    - serializedVersion: 3
      time: 0
      value: 0.05
      inSlope: 0
      outSlope: 0
      tangentMode: 0
      weightedMode: 3
      inWeight: 0
      outWeight: 0
    - serializedVersion: 3
      time: 1
      value: 0.06
      inSlope: 0
      outSlope: 0
      tangentMode: 0
      weightedMode: 3
      inWeight: 0
      outWeight: 0
    m_PreInfinity: 2
    m_PostInfinity: 2
    m_RotationOrder: 4
  objectSizeY:
    serializedVersion: 2
    m_Curve:
    - serializedVersion: 3
      time: 0
      value: 0.05
      inSlope: 0
      outSlope: 0
      tangentMode: 0
      weightedMode: 3
      inWeight: 0
      outWeight: 0
    - serializedVersion: 3
      time: 1
      value: 0.06
      inSlope: 0
      outSlope: 0
      tangentMode: 0
      weightedMode: 3
      inWeight: 0
      outWeight: 0
    m_PreInfinity: 2
    m_PostInfinity: 2
    m_RotationOrder: 4
  objectSizeZ:
    serializedVersion: 2
    m_Curve:
    - serializedVersion: 3
      time: 0
      value: 0.05
      inSlope: 0
      outSlope: 0
      tangentMode: 0
      weightedMode: 3
      inWeight: 0
      outWeight: 0
    - serializedVersion: 3
      time: 1
      value: 0.06
      inSlope: 0
      outSlope: 0
      tangentMode: 0
      weightedMode: 3
      inWeight: 0
      outWeight: 0
    m_PreInfinity: 2
    m_PostInfinity: 2
    m_RotationOrder: 4
  rotationX:
    serializedVersion: 2
    m_Curve:
    - serializedVersion: 3
      time: 0
      value: 0
      inSlope: 0
      outSlope: 0
      tangentMode: 0
      weightedMode: 3
      inWeight: 0
      outWeight: 0
    - serializedVersion: 3
      time: 1
      value: 0
      inSlope: 0
      outSlope: 0
      tangentMode: 0
      weightedMode: 3
      inWeight: 0
      outWeight: 0
    m_PreInfinity: 2
    m_PostInfinity: 2
    m_RotationOrder: 4
  rotationY:
    serializedVersion: 2
    m_Curve:
    - serializedVersion: 3
      time: 0
      value: 0
      inSlope: 0
      outSlope: 0
      tangentMode: 0
      weightedMode: 3
      inWeight: 0
      outWeight: 0
    - serializedVersion: 3
      time: 1
      value: 0
      inSlope: 0
      outSlope: 0
      tangentMode: 0
      weightedMode: 3
      inWeight: 0
      outWeight: 0
    m_PreInfinity: 2
    m_PostInfinity: 2
    m_RotationOrder: 4
  rotationZ:
    serializedVersion: 2
    m_Curve:
    - serializedVersion: 3
      time: 0
      value: 0
      inSlope: 0
      outSlope: 0
      tangentMode: 0
      weightedMode: 3
      inWeight: 0
      outWeight: 0
    - serializedVersion: 3
      time: 1
      value: 360
      inSlope: 0
      outSlope: 0
      tangentMode: 0
      weightedMode: 3
      inWeight: 0
      outWeight: 0
    m_PreInfinity: 2
    m_PostInfinity: 2
    m_RotationOrder: 4
  color:
    serializedVersion: 2
    key0: {r: 1, g: 0.07843137, b: 0.46137494, a: 1}
    key1: {r: 1, g: 0.07843137, b: 0.46137494, a: 1}
    key2: {r: 1, g: 0.07843137, b: 0.46137494, a: 0}
    key3: {r: 1, g: 0.07843137, b: 0.46137494, a: 0}
    key4: {r: 1, g: 0.07843137, b: 0.46137494, a: 0}
    key5: {r: 1, g: 0.8209606, b: 0.07843137, a: 0}
    key6: {r: 1, g: 0.8209606, b: 0.07843137, a: 0}
    key7: {r: 0, g: 0, b: 0, a: 0}
    ctime0: 0
    ctime1: 65535
    ctime2: 57054
    ctime3: 57054
    ctime4: 57054
    ctime5: 64571
    ctime6: 64571
    ctime7: 0
    atime0: 0
    atime1: 65535
    atime2: 0
    atime3: 0
    atime4: 0
    atime5: 0
    atime6: 0
    atime7: 0
    m_Mode: 0
    m_NumColorKeys: 2
    m_NumAlphaKeys: 2
  spacing: 0.1
  radius: 0.4
  count: 2
  sprinklePreviewType: 0
--- !u!1 &6189731962071413722
GameObject:
  m_ObjectHideFlags: 0
  m_CorrespondingSourceObject: {fileID: 0}
  m_PrefabInstance: {fileID: 0}
  m_PrefabAsset: {fileID: 0}
  serializedVersion: 6
  m_Component:
  - component: {fileID: 3936753449808227436}
  - component: {fileID: 6912529229808105735}
  m_Layer: 8
  m_Name: Sprinkles Manual
  m_TagString: Untagged
  m_Icon: {fileID: 0}
  m_NavMeshLayer: 0
  m_StaticEditorFlags: 0
  m_IsActive: 1
--- !u!4 &3936753449808227436
Transform:
  m_ObjectHideFlags: 0
  m_CorrespondingSourceObject: {fileID: 0}
  m_PrefabInstance: {fileID: 0}
  m_PrefabAsset: {fileID: 0}
  m_GameObject: {fileID: 6189731962071413722}
  m_LocalRotation: {x: 0, y: 0, z: 0, w: 1}
  m_LocalPosition: {x: 0, y: 0, z: 0}
  m_LocalScale: {x: 1.1, y: 1, z: 1}
  m_Children:
  - {fileID: 8711980620885150683}
  - {fileID: 4795991864765953218}
  m_Father: {fileID: 5281291801275996666}
  m_RootOrder: 5
  m_LocalEulerAnglesHint: {x: 0, y: 0, z: 0}
--- !u!114 &6912529229808105735
MonoBehaviour:
  m_ObjectHideFlags: 0
  m_CorrespondingSourceObject: {fileID: 0}
  m_PrefabInstance: {fileID: 0}
  m_PrefabAsset: {fileID: 0}
  m_GameObject: {fileID: 6189731962071413722}
  m_Enabled: 1
  m_EditorHideFlags: 0
  m_Script: {fileID: 11500000, guid: 2179359cc2a883a438dca2c78b5c9308, type: 3}
  m_Name: 
  m_EditorClassIdentifier: 
  paths:
  - path: {fileID: 4128691294284944690}
    sections:
    - weight: 1
      options: 00000000
    magnet: 0
  options:
  - {fileID: 4026770482670357259}
  physicsEnabled: 1
  bonus: 0
--- !u!1 &6684113427219300512
GameObject:
  m_ObjectHideFlags: 0
  m_CorrespondingSourceObject: {fileID: 0}
  m_PrefabInstance: {fileID: 0}
  m_PrefabAsset: {fileID: 0}
  serializedVersion: 6
  m_Component:
  - component: {fileID: 7964960137483490635}
  - component: {fileID: 3246859644337618003}
  m_Layer: 0
  m_Name: c2_thang_040
  m_TagString: Untagged
  m_Icon: {fileID: 0}
  m_NavMeshLayer: 0
  m_StaticEditorFlags: 0
  m_IsActive: 1
--- !u!4 &7964960137483490635
Transform:
  m_ObjectHideFlags: 0
  m_CorrespondingSourceObject: {fileID: 0}
  m_PrefabInstance: {fileID: 0}
  m_PrefabAsset: {fileID: 0}
  m_GameObject: {fileID: 6684113427219300512}
  m_LocalRotation: {x: -0, y: -0, z: -0, w: 1}
  m_LocalPosition: {x: 0, y: 0, z: 0}
  m_LocalScale: {x: 1, y: 1, z: 1}
  m_Children:
  - {fileID: 3486696584062387957}
  - {fileID: 8143099588597970709}
  - {fileID: 2556746209957741060}
  m_Father: {fileID: 0}
  m_RootOrder: 0
  m_LocalEulerAnglesHint: {x: 0, y: 0, z: 0}
--- !u!114 &3246859644337618003
MonoBehaviour:
  m_ObjectHideFlags: 0
  m_CorrespondingSourceObject: {fileID: 0}
  m_PrefabInstance: {fileID: 0}
  m_PrefabAsset: {fileID: 0}
  m_GameObject: {fileID: 6684113427219300512}
  m_Enabled: 1
  m_EditorHideFlags: 0
  m_Script: {fileID: 11500000, guid: f522867c3f9eb3e4bb325c968c25314e, type: 3}
  m_Name: 
  m_EditorClassIdentifier: 
  layers:
  - {fileID: 6621167511792713784}
  backgroundColor: {r: 0.495283, g: 0.75532335, b: 1, a: 1}
  glitterStroke: 0
  glitterCake: 0
  newPreview: 0
  strokeRate: 0.5
  sprinkleRate: 0.5
  diskColor: {r: 0.75187254, g: 0.6745098, b: 0.8862745, a: 1}
  type: 0
  previewCameraTransform: {fileID: 2556746209957741060}
  previewCameraSize: 2
  previewCameraSizeForSelection: 2.2
  finishCameraTransform: {fileID: 8143099588597970709}
  previewScale: 1.25
  specialStroke: 0
  specialFill: 0
--- !u!1 &7332223825933923158
GameObject:
  m_ObjectHideFlags: 0
  m_CorrespondingSourceObject: {fileID: 0}
  m_PrefabInstance: {fileID: 0}
  m_PrefabAsset: {fileID: 0}
  serializedVersion: 6
  m_Component:
  - component: {fileID: 8711980620885150683}
  m_Layer: 8
  m_Name: Options
  m_TagString: Untagged
  m_Icon: {fileID: 0}
  m_NavMeshLayer: 0
  m_StaticEditorFlags: 0
  m_IsActive: 1
--- !u!4 &8711980620885150683
Transform:
  m_ObjectHideFlags: 0
  m_CorrespondingSourceObject: {fileID: 0}
  m_PrefabInstance: {fileID: 0}
  m_PrefabAsset: {fileID: 0}
  m_GameObject: {fileID: 7332223825933923158}
  m_LocalRotation: {x: 0, y: 0, z: 0, w: 1}
  m_LocalPosition: {x: 0, y: 0, z: 0}
  m_LocalScale: {x: 1, y: 1, z: 1}
  m_Children:
  - {fileID: 7669826910912792128}
  - {fileID: 833283795540672494}
  - {fileID: 8700158847687471676}
  - {fileID: 7370748038229321851}
  - {fileID: 3388357045614227053}
  m_Father: {fileID: 3936753449808227436}
  m_RootOrder: 0
  m_LocalEulerAnglesHint: {x: 0, y: 0, z: 0}
--- !u!1 &7466298299282487933
GameObject:
  m_ObjectHideFlags: 0
  m_CorrespondingSourceObject: {fileID: 0}
  m_PrefabInstance: {fileID: 0}
  m_PrefabAsset: {fileID: 0}
  serializedVersion: 6
  m_Component:
  - component: {fileID: 8643391902857755355}
  - component: {fileID: 526472213752055574}
  - component: {fileID: 9100008825733747916}
  - component: {fileID: 2827779935416169070}
  m_Layer: 8
  m_Name: StrokeManual 1
  m_TagString: Untagged
  m_Icon: {fileID: 0}
  m_NavMeshLayer: 0
  m_StaticEditorFlags: 0
  m_IsActive: 1
--- !u!4 &8643391902857755355
Transform:
  m_ObjectHideFlags: 0
  m_CorrespondingSourceObject: {fileID: 0}
  m_PrefabInstance: {fileID: 0}
  m_PrefabAsset: {fileID: 0}
  m_GameObject: {fileID: 7466298299282487933}
  m_LocalRotation: {x: 0, y: 0, z: 0, w: 1}
  m_LocalPosition: {x: 0, y: -0.774, z: 0}
  m_LocalScale: {x: 0.8, y: 0.5, z: 1}
  m_Children: []
  m_Father: {fileID: 5281291801275996666}
  m_RootOrder: 1
  m_LocalEulerAnglesHint: {x: 0, y: 0, z: 0}
--- !u!114 &526472213752055574
MonoBehaviour:
  m_ObjectHideFlags: 0
  m_CorrespondingSourceObject: {fileID: 0}
  m_PrefabInstance: {fileID: 0}
  m_PrefabAsset: {fileID: 0}
  m_GameObject: {fileID: 7466298299282487933}
  m_Enabled: 1
  m_EditorHideFlags: 0
  m_Script: {fileID: 11500000, guid: f6202143f93329f4596fcd4f38f4496e, type: 3}
  m_Name: 
  m_EditorClassIdentifier: 
  tip: {fileID: 4760252478746094373, guid: 0499a74804bbbed4083ca126c34374b8, type: 3}
  size:
    serializedVersion: 2
    m_Curve:
    - serializedVersion: 3
      time: 0
      value: 0.1
      inSlope: 0
      outSlope: 0
      tangentMode: 0
      weightedMode: 3
      inWeight: 0
      outWeight: 0
    - serializedVersion: 3
      time: 1
      value: 0.1
      inSlope: 0
      outSlope: 0
      tangentMode: 0
      weightedMode: 3
      inWeight: 0
      outWeight: 0
    m_PreInfinity: 2
    m_PostInfinity: 2
    m_RotationOrder: 4
  twist: 0
--- !u!114 &9100008825733747916
MonoBehaviour:
  m_ObjectHideFlags: 0
  m_CorrespondingSourceObject: {fileID: 0}
  m_PrefabInstance: {fileID: 0}
  m_PrefabAsset: {fileID: 0}
  m_GameObject: {fileID: 7466298299282487933}
  m_Enabled: 1
  m_EditorHideFlags: 0
  m_Script: {fileID: 11500000, guid: c25f2c3c6d52ab744a70ac080b3e3958, type: 3}
  m_Name: 
  m_EditorClassIdentifier: 
  svgPoints:
  - x: -1.0635170344725573
    y: -0.039876546601627
  - x: -1.0921588654359384
    y: -0.034997188716576574
  - x: -1.1152138294705944
    y: -0.028605229752650535
  - x: -1.1379760358056976
    y: -0.05544169830219811
  - x: -1.2037009856775485
    y: -0.1330234891471025
  - x: -1.290333980704096
    y: -0.1719607634193311
  - x: -1.3907755754172502
    y: -0.18157309961257456
  - x: -1.4289077558365748
    y: -0.18520822127874428
  - x: -1.457695968558056
    y: -0.17071652865461232
  - x: -1.4703822984048145
    y: -0.14153796797124168
  - x: -1.4825318992586636
    y: -0.11357924703178898
  - x: -1.4744809589119237
    y: -0.08398594336572801
  - x: -1.445082829590348
    y: -0.05902802810906383
  - x: -1.428541807257972
    y: -0.04499987468941203
  - x: -1.4093903257505351
    y: -0.03404571492327497
  - x: -1.391653860149204
    y: -0.021847320392419153
  - x: -1.4096342934084864
    y: -0.007672786668829018
  - x: -1.4300544061556049
    y: 0.005428290523105371
  - x: -1.4465466355380552
    y: 0.02235966227153279
  - x: -1.4608919474947084
    y: 0.03709532219007548
  - x: -1.4734806899874537
    y: 0.05488058074133211
  - x: -1.482141550569693
    y: 0.07351972609541797
  - x: -1.5
    y: 0.11206665385991896
  - x: -1.489119032567075
    y: 0.1445631744005936
  - x: -1.4541584346094396
    y: 0.1686184099045031
  - x: -1.41707531570097
    y: 0.1940642604770697
  - x: -1.378089245570492
    y: 0.19962672947666976
  - x: -1.3346873625760916
    y: 0.1854034013489922
  - x: -1.2666203220245797
    y: 0.163055942359065
  - x: -1.217509585364155
    y: 0.11650687192377585
  - x: -1.1725706997263496
    y: 0.0640537731144367
  - x: -1.1554197567949336
    y: 0.04402400978336987
  - x: -1.1401961601063269
    y: 0.02233526288824617
  - x: -1.1229720277500224
    y: 0.0023786875279055795
  - x: -1.1185074153924457
    y: -0.0027690348535992677
  - x: -1.1100173323161884
    y: -0.006257775852290169
  - x: -1.1030398517729685
    y: -0.006965282351181053
  - x: -1.0886213489372651
    y: -0.008380296076043793
  - x: -1.0739588784436107
    y: -0.007380027787769661
  - x: -1.0523433224275371
    y: -0.007380027787769661
  - x: -1.0612969443447344
    y: 0.004696382914110554
  - x: -1.0668350146881287
    y: 0.012015419923456434
  - x: -1.0722023089797028
    y: 0.01945644076177792
  - x: -1.100136631990031
    y: 0.05807655649700515
  - x: -1.1275342238262072
    y: 0.09676986311128252
  - x: -1.1256556734416476
    y: 0.14800312363086565
  - x: -1.1238015175325782
    y: 0.1995535368708023
  - x: -1.0791797909770848
    y: 0.2325867914939526
  - x: -1.0289955977850045
    y: 0.2189977818944397
  - x: -0.991522129460483
    y: 0.2088243209604056
  - x: -0.9648564405981604
    y: 0.18323209008390065
  - x: -0.9443875349011166
    y: 0.15298006850638843
  - x: -0.9164044189408632
    y: 0.11155432179639845
  - x: -0.8901534716070689
    y: 0.0684695915223516
  - x: -0.8682451549831187
    y: 0.02360389676359619
  - x: -0.857778932714127
    y: 0.002183515455548364
  - x: -0.8466052024920824
    y: -0.0025250638328985628
  - x: -0.8252824085380475
    y: -0.0023786849831221746
  - x: -0.46479545280379814
    y: -0.00008538688984602614
  - x: -0.10428411368204364
    y: 0.0016711818469807905
  - x: 0.2562272952394843
    y: 0.003232576602862838
  - x: 0.4524506750606801
    y: 0.004062067476040054
  - x: 0.6486740548818759
    y: 0.004525606407864854
  - x: 0.8448974114364806
    y: 0.004550003246368071
  - x: 0.8631218123537142
    y: 0.004550003246368071
  - x: 0.872709750617833
    y: 0.008233918226003743
  - x: 0.8807118991052689
    y: 0.02743419195628507
  - x: 0.9041816104851012
    y: 0.08364439153474319
  - x: 0.9391178134219358
    y: 0.1326819431327655
  - x: 0.987911391545359
    y: 0.17025299735713773
  - x: 1.0014516096491084
    y: 0.18067042594912305
  - x: 1.0170411578246423
    y: 0.18903852446932387
  - x: 1.03282587925404
    y: 0.1957476408796298
  - x: 1.0630047070441782
    y: 0.20860474895945105
  - x: 1.0937690560500697
    y: 0.2113127925802009
  - x: 1.119580861017887
    y: 0.1863548773235367
  - x: 1.1450755045403789
    y: 0.1616897226747492
  - x: 1.1510527179768313
    y: 0.1290224253551735
  - x: 1.1391226890330513
    y: 0.09779453023753254
  - x: 1.1270462783311712
    y: 0.0661762915204879
  - x: 1.107040910020905
    y: 0.037632046456958
  - x: 1.0893288452570224
    y: 0.005672254182111225
  - x: 1.1192881033183342
    y: 0.0064285546306639095
  - x: 1.1501988311740021
    y: -0.002378686528169242
  - x: 1.179694551848536
    y: 0.028336871709039747
  - x: 1.2224621235855817
    y: 0.07286101290999304
  - x: 1.2702066401981498
    y: 0.1129449345929275
  - x: 1.318146334427068
    y: 0.1520773864815057
  - x: 1.344763230339465
    y: 0.17381492487239292
  - x: 1.3770889741012384
    y: 0.18369562519855037
  - x: 1.413074241457252
    y: 0.17437605106734547
  - x: 1.4439361792713181
    y: 0.16639830123611515
  - x: 1.4657469070870937
    y: 0.14824709047085072
  - x: 1.4752616573804864
    y: 0.11858059592573962
  - x: 1.484678818138623
    y: 0.0891824640593805
  - x: 1.4709922193673948
    y: 0.06478567790599275
  - x: 1.449864599757845
    y: 0.04521945196170365
  - x: 1.434641003069238
    y: 0.03111810766300171
  - x: 1.417392474237971
    y: 0.01918807726505983
  - x: 1.4036326849512333
    y: 0.008355902782060318
  - x: 1.42412598712324
    y: -0.011478687295142724
  - x: 1.447864062635986
    y: -0.02931274025048677
  - x: 1.4650394020423647
    y: -0.05212373953551557
  - x: 1.5
    y: -0.0985996220000785
  - x: 1.4894117946291137
    y: -0.14507550446464143
  - x: 1.4390568202956462
    y: -0.17435165831867272
  - x: 1.3820659218850853
    y: -0.207482498841674
  - x: 1.3261728808436284
    y: -0.19950474828336265
  - x: 1.2749152194865967
    y: -0.16205567643380403
  - x: 1.227829417877156
    y: -0.12760741172119588
  - x: 1.1817682769411213
    y: -0.09145136758628147
  - x: 1.1380004395514705
    y: -0.05292883775090517
  - x: 1.1172631682673504
    y: -0.0346800389045469
  - x: 1.0968186604994317
    y: -0.0345580550755713
  - x: 1.071543586705766
    y: -0.037046527513332705
  - x: 1.088426164050106
    y: -0.05561248344253037
  - x: 1.1053575372526951
    y: -0.0717143648630913
  - x: 1.1191661194893585
    y: -0.09013394339667452
  - x: 1.1293395804233926
    y: -0.10372295445034937
  - x: 1.137927250126582
    y: -0.11953207526303364
  - x: 1.142977385881155
    y: -0.1356827481793581
  - x: 1.1601283288125708
    y: -0.19059991858901004
  - x: 1.1207519107202033
    y: -0.2325867914939526
  - x: 1.0650540414784484
    y: -0.2170948306724316
  - x: 0.9939861923358242
    y: -0.197309034999316
  - x: 0.9388982451472712
    y: -0.1516870393375823
  - x: 0.9051818834085166
    y: -0.08835297600364206
  - x: 0.8817853629077345
    y: -0.04443875685589067
  - x: 0.8547293217210364
    y: -0.03414331354704292
  - x: 0.8077167138989696
    y: -0.03453365714644662
  - x: 0.3970211757684869
    y: -0.03794920762962787
  - x: -0.01369874574950099
    y: -0.03858352397654959
  - x: -0.4244187603338534
    y: -0.03980336372046756
  - x: -0.5622118191842861
    y: -0.04021810915705617
  - x: -0.7000292846888152
    y: -0.040242505904674264
  - x: -0.8377979601517427
    y: -0.03946180866306092
  - x: -0.8558515842900751
    y: -0.03933982472047892
  - x: -0.8663666002360734
    y: -0.04336529482568507
  - x: -0.8723926066224511
    y: -0.06139452176197388
  - x: -0.8787357715458303
    y: -0.08030203270313561
  - x: -0.8876162033110582
    y: -0.09850203859956842
  - x: -0.8964966336221242
    y: -0.11645807392972612
  - x: -0.9249920828274046
    y: -0.17418087531414084
  - x: -0.9721998682658212
    y: -0.20645782612598895
  - x: -1.03548514155816
    y: -0.2145331654924751
  - x: -1.0715191989557749
    y: -0.21911976167902736
  - x: -1.1038449456258723
    y: -0.2090926814124721
  - x: -1.1229476312750597
    y: -0.1764741759522004
  - x: -1.141733158387246
    y: -0.14439239694005412
  - x: -1.1278513859986137
    y: -0.11418917412911514
  - x: -1.1082607643064428
    y: -0.08764546618744423
  - x: -1.096087283932202
    y: -0.07100687326936037
  - x: -1.0800337083173148
    y: -0.05722262788701999
  - x: -1.0635170344725573
    y: -0.039876546601627
  - x: 0
    y: 0
  - x: 0
    y: 0
  svgCommands: 010000000400000004000000040000000400000004000000040000000400000004000000040000000400000004000000040000000400000004000000040000000400000004000000040000000400000004000000040000000400000004000000040000000400000004000000040000000400000004000000040000000400000004000000040000000400000004000000040000000400000004000000040000000400000004000000040000000400000004000000040000000400000004000000040000000400000004000000040000000400000004000000040000000400000004000000040000000400000004000000040000000400000004000000040000000400000004000000040000000400000004000000040000000400000004000000040000000400000004000000040000000400000004000000040000000400000004000000040000000400000004000000040000000400000004000000040000000400000004000000040000000400000004000000040000000400000004000000040000000400000004000000040000000400000004000000040000000400000004000000040000000400000004000000040000000400000004000000040000000400000004000000040000000400000004000000040000000400000004000000040000000400000004000000040000000400000004000000040000000400000004000000040000000400000004000000040000000400000004000000040000000400000004000000040000000400000004000000040000000400000004000000040000000400000004000000040000000400000004000000040000000400000004000000040000004f00000000000000
  reverse: 0
  offset: 0
--- !u!114 &2827779935416169070
MonoBehaviour:
  m_ObjectHideFlags: 0
  m_CorrespondingSourceObject: {fileID: 0}
  m_PrefabInstance: {fileID: 0}
  m_PrefabAsset: {fileID: 0}
  m_GameObject: {fileID: 7466298299282487933}
  m_Enabled: 1
  m_EditorHideFlags: 0
  m_Script: {fileID: 11500000, guid: 5120595cb07379d488e526d799bc1e6d, type: 3}
  m_Name: 
  m_EditorClassIdentifier: 
  path: {fileID: 9100008825733747916}
  sections:
  - weight: 1
    colors: 00000000
  options:
  - colors:
    - {r: 0.10538622, g: 0.8396226, b: 0, a: 1}
  - colors:
    - {r: 1, g: 0.5294118, b: 1, a: 1}
  - colors:
    - {r: 0.35686275, g: 0.79607844, b: 1, a: 1}
  - colors:
    - {r: 1, g: 0, b: 0, a: 1}
  - colors:
    - {r: 1, g: 0.89836216, b: 0, a: 1}
  brush: {fileID: 526472213752055574}
  material: {fileID: 2100000, guid: 108036d14a7415f4b95df06c69a79ceb, type: 2}
--- !u!1001 &5828976717279165173
PrefabInstance:
  m_ObjectHideFlags: 0
  serializedVersion: 2
  m_Modification:
    m_TransformParent: {fileID: 7964960137483490635}
    m_Modifications:
    - target: {fileID: 246357810208183130, guid: 3fab0f7e45b54cf49bc4fa4236a681fd,
        type: 3}
      propertyPath: m_RootOrder
      value: 7
      objectReference: {fileID: 0}
    - target: {fileID: 794801451098536653, guid: 3fab0f7e45b54cf49bc4fa4236a681fd,
        type: 3}
      propertyPath: diskColor.b
      value: 0.8862745
      objectReference: {fileID: 0}
    - target: {fileID: 794801451098536653, guid: 3fab0f7e45b54cf49bc4fa4236a681fd,
        type: 3}
      propertyPath: diskColor.r
      value: 0.75187254
      objectReference: {fileID: 0}
    - target: {fileID: 794801451098536653, guid: 3fab0f7e45b54cf49bc4fa4236a681fd,
        type: 3}
      propertyPath: toppingColor.b
      value: 0.7216981
      objectReference: {fileID: 0}
    - target: {fileID: 794801451098536653, guid: 3fab0f7e45b54cf49bc4fa4236a681fd,
        type: 3}
      propertyPath: toppingColor.g
      value: 0.9483667
      objectReference: {fileID: 0}
    - target: {fileID: 794801451098536653, guid: 3fab0f7e45b54cf49bc4fa4236a681fd,
        type: 3}
      propertyPath: toppingColor.r
      value: 1
      objectReference: {fileID: 0}
    - target: {fileID: 1341202605574904496, guid: 3fab0f7e45b54cf49bc4fa4236a681fd,
        type: 3}
      propertyPath: m_Name
      value: RectangleLSharp
      objectReference: {fileID: 0}
    - target: {fileID: 6584062313319911921, guid: 3fab0f7e45b54cf49bc4fa4236a681fd,
        type: 3}
      propertyPath: m_RootOrder
      value: 6
      objectReference: {fileID: 0}
    - target: {fileID: 6955690194484411392, guid: 3fab0f7e45b54cf49bc4fa4236a681fd,
        type: 3}
      propertyPath: m_RootOrder
      value: 0
      objectReference: {fileID: 0}
    - target: {fileID: 6955690194484411392, guid: 3fab0f7e45b54cf49bc4fa4236a681fd,
        type: 3}
      propertyPath: m_LocalEulerAnglesHint.x
      value: 0
      objectReference: {fileID: 0}
    - target: {fileID: 6955690194484411392, guid: 3fab0f7e45b54cf49bc4fa4236a681fd,
        type: 3}
      propertyPath: m_LocalEulerAnglesHint.y
      value: 0
      objectReference: {fileID: 0}
    - target: {fileID: 6955690194484411392, guid: 3fab0f7e45b54cf49bc4fa4236a681fd,
        type: 3}
      propertyPath: m_LocalEulerAnglesHint.z
      value: 0
      objectReference: {fileID: 0}
    m_RemovedComponents: []
  m_SourcePrefab: {fileID: 100100000, guid: 3fab0f7e45b54cf49bc4fa4236a681fd, type: 3}
--- !u!4 &5281291801275996666 stripped
Transform:
  m_CorrespondingSourceObject: {fileID: 1850493022598292239, guid: 3fab0f7e45b54cf49bc4fa4236a681fd,
    type: 3}
  m_PrefabInstance: {fileID: 5828976717279165173}
  m_PrefabAsset: {fileID: 0}
--- !u!114 &6621167511792713784 stripped
MonoBehaviour:
  m_CorrespondingSourceObject: {fileID: 794801451098536653, guid: 3fab0f7e45b54cf49bc4fa4236a681fd,
    type: 3}
  m_PrefabInstance: {fileID: 5828976717279165173}
  m_PrefabAsset: {fileID: 0}
  m_GameObject: {fileID: 0}
  m_Enabled: 0
  m_EditorHideFlags: 0
  m_Script: {fileID: 11500000, guid: d931adf55ff26eb4dab04b81b53ef544, type: 3}
  m_Name: 
  m_EditorClassIdentifier: 
--- !u!4 &3486696584062387957 stripped
Transform:
  m_CorrespondingSourceObject: {fileID: 6955690194484411392, guid: 3fab0f7e45b54cf49bc4fa4236a681fd,
    type: 3}
  m_PrefabInstance: {fileID: 5828976717279165173}
  m_PrefabAsset: {fileID: 0}
