%YAML 1.1
%TAG !u! tag:unity3d.com,2011:
--- !u!1 &589486694319070235
GameObject:
  m_ObjectHideFlags: 0
  m_CorrespondingSourceObject: {fileID: 0}
  m_PrefabInstance: {fileID: 0}
  m_PrefabAsset: {fileID: 0}
  serializedVersion: 6
  m_Component:
  - component: {fileID: 5638382990186612359}
  - component: {fileID: 5008380828557521736}
  - component: {fileID: 7145115863927199505}
  - component: {fileID: 2826773779909389116}
  m_Layer: 8
  m_Name: StrokeManual 5
  m_TagString: Untagged
  m_Icon: {fileID: 0}
  m_NavMeshLayer: 0
  m_StaticEditorFlags: 0
  m_IsActive: 1
--- !u!4 &5638382990186612359
Transform:
  m_ObjectHideFlags: 0
  m_CorrespondingSourceObject: {fileID: 0}
  m_PrefabInstance: {fileID: 0}
  m_PrefabAsset: {fileID: 0}
  m_GameObject: {fileID: 589486694319070235}
  m_LocalRotation: {x: 0, y: 0, z: 0, w: 1}
  m_LocalPosition: {x: 0, y: 0.121, z: -0}
  m_LocalScale: {x: 1, y: 0.8, z: 1}
  m_Children: []
  m_Father: {fileID: 7762626567037810666}
  m_RootOrder: 5
  m_LocalEulerAnglesHint: {x: 0, y: 0, z: 0}
--- !u!114 &5008380828557521736
MonoBehaviour:
  m_ObjectHideFlags: 0
  m_CorrespondingSourceObject: {fileID: 0}
  m_PrefabInstance: {fileID: 0}
  m_PrefabAsset: {fileID: 0}
  m_GameObject: {fileID: 589486694319070235}
  m_Enabled: 1
  m_EditorHideFlags: 0
  m_Script: {fileID: 11500000, guid: f6202143f93329f4596fcd4f38f4496e, type: 3}
  m_Name: 
  m_EditorClassIdentifier: 
  tip: {fileID: 4760252478746094373, guid: 9640ca4cc04832043a47cccd692bf87a, type: 3}
  size:
    serializedVersion: 2
    m_Curve:
    - serializedVersion: 3
      time: 0
      value: 0.4
      inSlope: 0
      outSlope: 0
      tangentMode: 0
      weightedMode: 3
      inWeight: 0
      outWeight: 0
    - serializedVersion: 3
      time: 1
      value: 0.4
      inSlope: 0
      outSlope: 0
      tangentMode: 0
      weightedMode: 3
      inWeight: 0
      outWeight: 0
    m_PreInfinity: 2
    m_PostInfinity: 2
    m_RotationOrder: 4
  twist: 0
--- !u!114 &7145115863927199505
MonoBehaviour:
  m_ObjectHideFlags: 0
  m_CorrespondingSourceObject: {fileID: 0}
  m_PrefabInstance: {fileID: 0}
  m_PrefabAsset: {fileID: 0}
  m_GameObject: {fileID: 589486694319070235}
  m_Enabled: 1
  m_EditorHideFlags: 0
  m_Script: {fileID: 11500000, guid: c25f2c3c6d52ab744a70ac080b3e3958, type: 3}
  m_Name: 
  m_EditorClassIdentifier: 
  svgPoints:
  - x: 1.5
    y: -0.4997177535007077
  - x: 1.5
    y: -0.7646371037248642
  - x: 1.4765322573723332
    y: -1.0363306641097991
  - x: 1.4758064516129032
    y: -1.3092338603831106
  - x: 1.4758064516129032
    y: -1.3336693440233507
  - x: 1.5
    y: -1.353266119716629
  - x: 1.4758064516129032
    y: -1.3827822465569741
  - x: 123.5
    y: 114.49999904632568
  svgCommands: 0100000004000000040000000400000004000000040000000400000000000000
  reverse: 0
  offset: 0
--- !u!114 &2826773779909389116
MonoBehaviour:
  m_ObjectHideFlags: 0
  m_CorrespondingSourceObject: {fileID: 0}
  m_PrefabInstance: {fileID: 0}
  m_PrefabAsset: {fileID: 0}
  m_GameObject: {fileID: 589486694319070235}
  m_Enabled: 1
  m_EditorHideFlags: 0
  m_Script: {fileID: 11500000, guid: 5120595cb07379d488e526d799bc1e6d, type: 3}
  m_Name: 
  m_EditorClassIdentifier: 
  path: {fileID: 7145115863927199505}
  sections:
  - weight: 1
    colors: 01000000
  options:
  - colors:
    - {r: 0.986, g: 0.28298193, b: 0.3266477, a: 1}
  - colors:
    - {r: 0.2735849, g: 0.2735849, b: 0.2735849, a: 1}
  - colors:
    - {r: 0.45919994, g: 0.82, b: 0.27879998, a: 1}
  - colors:
    - {r: 0.3325, g: 0.74416655, b: 0.95, a: 1}
  brush: {fileID: 5008380828557521736}
  material: {fileID: 2100000, guid: 108036d14a7415f4b95df06c69a79ceb, type: 2}
--- !u!1 &1919865270547232496
GameObject:
  m_ObjectHideFlags: 0
  m_CorrespondingSourceObject: {fileID: 0}
  m_PrefabInstance: {fileID: 0}
  m_PrefabAsset: {fileID: 0}
  serializedVersion: 6
  m_Component:
  - component: {fileID: 9083945958707455153}
  - component: {fileID: 4768993638292230115}
  m_Layer: 0
  m_Name: dungnv_015
  m_TagString: Untagged
  m_Icon: {fileID: 0}
  m_NavMeshLayer: 0
  m_StaticEditorFlags: 0
  m_IsActive: 1
--- !u!4 &9083945958707455153
Transform:
  m_ObjectHideFlags: 0
  m_CorrespondingSourceObject: {fileID: 0}
  m_PrefabInstance: {fileID: 0}
  m_PrefabAsset: {fileID: 0}
  m_GameObject: {fileID: 1919865270547232496}
  m_LocalRotation: {x: 0, y: 0, z: 0, w: 1}
  m_LocalPosition: {x: 0, y: 0, z: 0}
  m_LocalScale: {x: 1, y: 1, z: 1}
  m_Children:
  - {fileID: 1338612820117956837}
  - {fileID: 9134354904313212515}
  - {fileID: 3732272712569167597}
  m_Father: {fileID: 0}
  m_RootOrder: 0
  m_LocalEulerAnglesHint: {x: 0, y: 0, z: 0}
--- !u!114 &4768993638292230115
MonoBehaviour:
  m_ObjectHideFlags: 0
  m_CorrespondingSourceObject: {fileID: 0}
  m_PrefabInstance: {fileID: 0}
  m_PrefabAsset: {fileID: 0}
  m_GameObject: {fileID: 1919865270547232496}
  m_Enabled: 1
  m_EditorHideFlags: 0
  m_Script: {fileID: 11500000, guid: f522867c3f9eb3e4bb325c968c25314e, type: 3}
  m_Name: 
  m_EditorClassIdentifier: 
  layers:
  - {fileID: 8724481352691510824}
  backgroundColor: {r: 1, g: 0.8313726, b: 0.454902, a: 1}
  glitterStroke: 0
  glitterCake: 0
  newPreview: 0
  strokeRate: 0.5
  sprinkleRate: 0.5
  diskColor: {r: 0.8862745, g: 0.6745098, b: 0.78039217, a: 1}
  type: 0
  previewCameraTransform: {fileID: 3732272712569167597}
  previewCameraSize: 2
  previewCameraSizeForSelection: 2.2
  finishCameraTransform: {fileID: 9134354904313212515}
  previewScale: 1.25
  specialStroke: 0
  specialFill: 0
--- !u!1 &1954222532643819133
GameObject:
  m_ObjectHideFlags: 0
  m_CorrespondingSourceObject: {fileID: 0}
  m_PrefabInstance: {fileID: 0}
  m_PrefabAsset: {fileID: 0}
  serializedVersion: 6
  m_Component:
  - component: {fileID: 6944430138351636974}
  - component: {fileID: 8571617001840086076}
  - component: {fileID: 8861160058980693026}
  - component: {fileID: 7485385118342815346}
  m_Layer: 8
  m_Name: StrokeManual 4
  m_TagString: Untagged
  m_Icon: {fileID: 0}
  m_NavMeshLayer: 0
  m_StaticEditorFlags: 0
  m_IsActive: 1
--- !u!4 &6944430138351636974
Transform:
  m_ObjectHideFlags: 0
  m_CorrespondingSourceObject: {fileID: 0}
  m_PrefabInstance: {fileID: 0}
  m_PrefabAsset: {fileID: 0}
  m_GameObject: {fileID: 1954222532643819133}
  m_LocalRotation: {x: 0, y: 0, z: 0, w: 1}
  m_LocalPosition: {x: 0, y: 0.121, z: -0}
  m_LocalScale: {x: 1, y: 0.8, z: 1}
  m_Children: []
  m_Father: {fileID: 7762626567037810666}
  m_RootOrder: 4
  m_LocalEulerAnglesHint: {x: 0, y: 0, z: 0}
--- !u!114 &8571617001840086076
MonoBehaviour:
  m_ObjectHideFlags: 0
  m_CorrespondingSourceObject: {fileID: 0}
  m_PrefabInstance: {fileID: 0}
  m_PrefabAsset: {fileID: 0}
  m_GameObject: {fileID: 1954222532643819133}
  m_Enabled: 1
  m_EditorHideFlags: 0
  m_Script: {fileID: 11500000, guid: f6202143f93329f4596fcd4f38f4496e, type: 3}
  m_Name: 
  m_EditorClassIdentifier: 
  tip: {fileID: 4760252478746094373, guid: 9640ca4cc04832043a47cccd692bf87a, type: 3}
  size:
    serializedVersion: 2
    m_Curve:
    - serializedVersion: 3
      time: 0
      value: 0.4
      inSlope: 0
      outSlope: 0
      tangentMode: 0
      weightedMode: 3
      inWeight: 0
      outWeight: 0
    - serializedVersion: 3
      time: 1
      value: 0.4
      inSlope: 0
      outSlope: 0
      tangentMode: 0
      weightedMode: 3
      inWeight: 0
      outWeight: 0
    m_PreInfinity: 2
    m_PostInfinity: 2
    m_RotationOrder: 4
  twist: 0
--- !u!114 &8861160058980693026
MonoBehaviour:
  m_ObjectHideFlags: 0
  m_CorrespondingSourceObject: {fileID: 0}
  m_PrefabInstance: {fileID: 0}
  m_PrefabAsset: {fileID: 0}
  m_GameObject: {fileID: 1954222532643819133}
  m_Enabled: 1
  m_EditorHideFlags: 0
  m_Script: {fileID: 11500000, guid: c25f2c3c6d52ab744a70ac080b3e3958, type: 3}
  m_Name: 
  m_EditorClassIdentifier: 
  svgPoints:
  - x: 0.6774193548387096
    y: -0.4997177535007077
  - x: 0.6774193548387096
    y: -0.7646371037248642
  - x: 0.6539516122110428
    y: -1.0363306641097991
  - x: 0.6532258064516129
    y: -1.3092338603831106
  - x: 0.6532258064516129
    y: -1.3336693440233507
  - x: 0.6774193548387096
    y: -1.353266119716629
  - x: 0.6532258064516129
    y: -1.3827822465569741
  - x: 89.5
    y: 114.49999904632568
  svgCommands: 0100000004000000040000000400000004000000040000000400000000000000
  reverse: 0
  offset: 0
--- !u!114 &7485385118342815346
MonoBehaviour:
  m_ObjectHideFlags: 0
  m_CorrespondingSourceObject: {fileID: 0}
  m_PrefabInstance: {fileID: 0}
  m_PrefabAsset: {fileID: 0}
  m_GameObject: {fileID: 1954222532643819133}
  m_Enabled: 1
  m_EditorHideFlags: 0
  m_Script: {fileID: 11500000, guid: 5120595cb07379d488e526d799bc1e6d, type: 3}
  m_Name: 
  m_EditorClassIdentifier: 
  path: {fileID: 8861160058980693026}
  sections:
  - weight: 1
    colors: 01000000
  options:
  - colors:
    - {r: 0.986, g: 0.28298193, b: 0.3266477, a: 1}
  - colors:
    - {r: 0.2735849, g: 0.2735849, b: 0.2735849, a: 1}
  - colors:
    - {r: 0.45919994, g: 0.82, b: 0.27879998, a: 1}
  - colors:
    - {r: 0.3325, g: 0.74416655, b: 0.95, a: 1}
  brush: {fileID: 8571617001840086076}
  material: {fileID: 2100000, guid: 108036d14a7415f4b95df06c69a79ceb, type: 2}
--- !u!1 &1978983104314282269
GameObject:
  m_ObjectHideFlags: 0
  m_CorrespondingSourceObject: {fileID: 0}
  m_PrefabInstance: {fileID: 0}
  m_PrefabAsset: {fileID: 0}
  serializedVersion: 6
  m_Component:
  - component: {fileID: 8296570329963960083}
  - component: {fileID: 1504565272907065398}
  - component: {fileID: 8261154660186347944}
  - component: {fileID: 2945113801657106826}
  m_Layer: 8
  m_Name: StrokeManual 7
  m_TagString: Untagged
  m_Icon: {fileID: 0}
  m_NavMeshLayer: 0
  m_StaticEditorFlags: 0
  m_IsActive: 1
--- !u!4 &8296570329963960083
Transform:
  m_ObjectHideFlags: 0
  m_CorrespondingSourceObject: {fileID: 0}
  m_PrefabInstance: {fileID: 0}
  m_PrefabAsset: {fileID: 0}
  m_GameObject: {fileID: 1978983104314282269}
  m_LocalRotation: {x: 0, y: 0, z: 0, w: 1}
  m_LocalPosition: {x: 0.496, y: -0.324, z: 0}
  m_LocalScale: {x: 1, y: 1, z: 1}
  m_Children: []
  m_Father: {fileID: 7762626567037810666}
  m_RootOrder: 7
  m_LocalEulerAnglesHint: {x: 0, y: 0, z: 0}
--- !u!114 &1504565272907065398
MonoBehaviour:
  m_ObjectHideFlags: 0
  m_CorrespondingSourceObject: {fileID: 0}
  m_PrefabInstance: {fileID: 0}
  m_PrefabAsset: {fileID: 0}
  m_GameObject: {fileID: 1978983104314282269}
  m_Enabled: 1
  m_EditorHideFlags: 0
  m_Script: {fileID: 11500000, guid: f6202143f93329f4596fcd4f38f4496e, type: 3}
  m_Name: 
  m_EditorClassIdentifier: 
  tip: {fileID: 4760252478746094373, guid: 0499a74804bbbed4083ca126c34374b8, type: 3}
  size:
    serializedVersion: 2
    m_Curve:
    - serializedVersion: 3
      time: 0
      value: 0.1
      inSlope: 0
      outSlope: 0
      tangentMode: 0
      weightedMode: 3
      inWeight: 0
      outWeight: 0
    - serializedVersion: 3
      time: 1
      value: 0.1
      inSlope: 0
      outSlope: 0
      tangentMode: 0
      weightedMode: 3
      inWeight: 0
      outWeight: 0
    m_PreInfinity: 2
    m_PostInfinity: 2
    m_RotationOrder: 4
  twist: 0
--- !u!114 &8261154660186347944
MonoBehaviour:
  m_ObjectHideFlags: 0
  m_CorrespondingSourceObject: {fileID: 0}
  m_PrefabInstance: {fileID: 0}
  m_PrefabAsset: {fileID: 0}
  m_GameObject: {fileID: 1978983104314282269}
  m_Enabled: 1
  m_EditorHideFlags: 0
  m_Script: {fileID: 11500000, guid: c25f2c3c6d52ab744a70ac080b3e3958, type: 3}
  m_Name: 
  m_EditorClassIdentifier: 
  svgPoints:
  - x: 0.456048350180349
    y: 1.104072568157027
  - x: 0.4325806075526822
    y: 1.1372177295627133
  - x: 0.39435480294689057
    y: 1.1527016001843637
  - x: 0.3604838328976785
    y: 1.1437499871657741
  - x: 0.3353225434980085
    y: 1.1372177288416894
  - x: 0.30629028427985405
    y: 1.1159274070974319
  - x: 0.3048386727609942
    y: 1.0881048270290898
  - x: 0.3026612533196326
    y: 1.0510886986890147
  - x: 0.3512902846259455
    y: 1.0193951516862838
  - x: 0.3924193151535526
    y: 1.0164919228803726
  - x: 0.45120971433578
    y: 1.0126209617141755
  - x: 0.4911291060909148
    y: 1.0728628916605827
  - x: 0.4959677419354839
    y: 1.0803629018125995
  - x: 0.5223387104849662
    y: 1.12100806183392
  - x: 0.5242741925101126
    y: 1.1693951614922093
  - x: 0.5279032270754537
    y: 1.2552822571127644
  - x: 0.52983871090316
    y: 1.3060887064183913
  - x: 0.526451614204674
    y: 1.3143145165616466
  - x: 0.5358870983604461
    y: 1.3268951612614817
  - x: 0.5729032267005213
    y: 1.3762499990482484
  - x: 0.713467747213379
    y: 1.3653629040045123
  - x: 0.7587096799285181
    y: 1.2949596761215116
  - x: 0.7676612929471077
    y: 1.280927418460769
  - x: 0.7698387123884693
    y: 1.2695564514686983
  - x: 0.7666935512135106
    y: 1.1677016060679188
  - x: 0.7620967770776441
    y: 1.0162499876272293
  - x: 0.7558064547277266
    y: 0.9857661226584065
  - x: 0.7427419380795571
    y: 0.9528628936217677
  - x: 0.7265322602564288
    y: 0.9122177336004472
  - x: 0.7108064529395872
    y: 0.8720564440854134
  - x: 0.67112903393084
    y: 0.8572983763390971
  - x: 0.6266129040910351
    y: 0.8408467632628256
  - x: 0.5610483841549966
    y: 0.8594757957804587
  - x: 0.5518548445355508
    y: 0.8969757953478443
  - x: 0.5431451667701044
    y: 0.932056441662773
  - x: 0.5842742001818072
    y: 0.9811693441963965
  - x: 0.6314516178061885
    y: 0.9845564377404028
  - x: 0.6641129087055883
    y: 0.9869757926151637
  - x: 0.6885483894617327
    y: 0.9666532117032235
  - x: 0.6950806528329849
    y: 0.9606048246064494
  - x: 91.23000031709671
    y: 17.640000104904175
  svgCommands: 0100000004000000040000000400000004000000040000000400000004000000040000000400000004000000040000000400000004000000040000000400000004000000040000000400000004000000040000000400000004000000040000000400000004000000040000000400000004000000040000000400000004000000040000000400000004000000040000000400000004000000040000000400000000000000
  reverse: 0
  offset: 0
--- !u!114 &2945113801657106826
MonoBehaviour:
  m_ObjectHideFlags: 0
  m_CorrespondingSourceObject: {fileID: 0}
  m_PrefabInstance: {fileID: 0}
  m_PrefabAsset: {fileID: 0}
  m_GameObject: {fileID: 1978983104314282269}
  m_Enabled: 1
  m_EditorHideFlags: 0
  m_Script: {fileID: 11500000, guid: 5120595cb07379d488e526d799bc1e6d, type: 3}
  m_Name: 
  m_EditorClassIdentifier: 
  path: {fileID: 8261154660186347944}
  sections:
  - weight: 1
    colors: 03000000
  options:
  - colors:
    - {r: 0.986, g: 0.28298193, b: 0.3266477, a: 1}
  - colors:
    - {r: 0.2735849, g: 0.2735849, b: 0.2735849, a: 1}
  - colors:
    - {r: 0.45919994, g: 0.82, b: 0.27879998, a: 1}
  - colors:
    - {r: 0.3325, g: 0.74416655, b: 0.95, a: 1}
  brush: {fileID: 1504565272907065398}
  material: {fileID: 2100000, guid: 108036d14a7415f4b95df06c69a79ceb, type: 2}
--- !u!1 &2858687024050684859
GameObject:
  m_ObjectHideFlags: 0
  m_CorrespondingSourceObject: {fileID: 0}
  m_PrefabInstance: {fileID: 0}
  m_PrefabAsset: {fileID: 0}
  serializedVersion: 6
  m_Component:
  - component: {fileID: 1300200628219269983}
  - component: {fileID: 1565028879485849256}
  - component: {fileID: 1934499599374181359}
  - component: {fileID: 7632185136153826632}
  m_Layer: 8
  m_Name: StrokeManual 3
  m_TagString: Untagged
  m_Icon: {fileID: 0}
  m_NavMeshLayer: 0
  m_StaticEditorFlags: 0
  m_IsActive: 1
--- !u!4 &1300200628219269983
Transform:
  m_ObjectHideFlags: 0
  m_CorrespondingSourceObject: {fileID: 0}
  m_PrefabInstance: {fileID: 0}
  m_PrefabAsset: {fileID: 0}
  m_GameObject: {fileID: 2858687024050684859}
  m_LocalRotation: {x: 0, y: 0, z: 0, w: 1}
  m_LocalPosition: {x: 0, y: 0.121, z: -0}
  m_LocalScale: {x: 1, y: 0.8, z: 1}
  m_Children: []
  m_Father: {fileID: 7762626567037810666}
  m_RootOrder: 3
  m_LocalEulerAnglesHint: {x: 0, y: 0, z: 0}
--- !u!114 &1565028879485849256
MonoBehaviour:
  m_ObjectHideFlags: 0
  m_CorrespondingSourceObject: {fileID: 0}
  m_PrefabInstance: {fileID: 0}
  m_PrefabAsset: {fileID: 0}
  m_GameObject: {fileID: 2858687024050684859}
  m_Enabled: 1
  m_EditorHideFlags: 0
  m_Script: {fileID: 11500000, guid: f6202143f93329f4596fcd4f38f4496e, type: 3}
  m_Name: 
  m_EditorClassIdentifier: 
  tip: {fileID: 4760252478746094373, guid: 9640ca4cc04832043a47cccd692bf87a, type: 3}
  size:
    serializedVersion: 2
    m_Curve:
    - serializedVersion: 3
      time: 0
      value: 0.4
      inSlope: 0
      outSlope: 0
      tangentMode: 0
      weightedMode: 3
      inWeight: 0
      outWeight: 0
    - serializedVersion: 3
      time: 1
      value: 0.4
      inSlope: 0
      outSlope: 0
      tangentMode: 0
      weightedMode: 3
      inWeight: 0
      outWeight: 0
    m_PreInfinity: 2
    m_PostInfinity: 2
    m_RotationOrder: 4
  twist: 0
--- !u!114 &1934499599374181359
MonoBehaviour:
  m_ObjectHideFlags: 0
  m_CorrespondingSourceObject: {fileID: 0}
  m_PrefabInstance: {fileID: 0}
  m_PrefabAsset: {fileID: 0}
  m_GameObject: {fileID: 2858687024050684859}
  m_Enabled: 1
  m_EditorHideFlags: 0
  m_Script: {fileID: 11500000, guid: c25f2c3c6d52ab744a70ac080b3e3958, type: 3}
  m_Name: 
  m_EditorClassIdentifier: 
  svgPoints:
  - x: -0.024193548387096774
    y: -0.4997177535007077
  - x: -0.024193548387096774
    y: -0.7646371037248642
  - x: -0.047661291014763615
    y: -1.0363306641097991
  - x: -0.04838709677419355
    y: -1.3092338603831106
  - x: -0.04838709677419355
    y: -1.3336693440233507
  - x: -0.024193548387096774
    y: -1.353266119716629
  - x: -0.04838709677419355
    y: -1.3827822465569741
  - x: 60.5
    y: 114.49999904632568
  svgCommands: 0100000004000000040000000400000004000000040000000400000000000000
  reverse: 0
  offset: 0
--- !u!114 &7632185136153826632
MonoBehaviour:
  m_ObjectHideFlags: 0
  m_CorrespondingSourceObject: {fileID: 0}
  m_PrefabInstance: {fileID: 0}
  m_PrefabAsset: {fileID: 0}
  m_GameObject: {fileID: 2858687024050684859}
  m_Enabled: 1
  m_EditorHideFlags: 0
  m_Script: {fileID: 11500000, guid: 5120595cb07379d488e526d799bc1e6d, type: 3}
  m_Name: 
  m_EditorClassIdentifier: 
  path: {fileID: 1934499599374181359}
  sections:
  - weight: 1
    colors: 01000000
  options:
  - colors:
    - {r: 0.986, g: 0.28298193, b: 0.3266477, a: 1}
  - colors:
    - {r: 0.2735849, g: 0.2735849, b: 0.2735849, a: 1}
  - colors:
    - {r: 0.45919994, g: 0.82, b: 0.27879998, a: 1}
  - colors:
    - {r: 0.3325, g: 0.74416655, b: 0.95, a: 1}
  brush: {fileID: 1565028879485849256}
  material: {fileID: 2100000, guid: 108036d14a7415f4b95df06c69a79ceb, type: 2}
--- !u!1 &4765855865069150672
GameObject:
  m_ObjectHideFlags: 0
  m_CorrespondingSourceObject: {fileID: 0}
  m_PrefabInstance: {fileID: 0}
  m_PrefabAsset: {fileID: 0}
  serializedVersion: 6
  m_Component:
  - component: {fileID: 8684548686242766775}
  - component: {fileID: 1133278979578913295}
  - component: {fileID: 2810990825960942283}
  - component: {fileID: 3258752681076363428}
  m_Layer: 8
  m_Name: StrokeManual 8
  m_TagString: Untagged
  m_Icon: {fileID: 0}
  m_NavMeshLayer: 0
  m_StaticEditorFlags: 0
  m_IsActive: 1
--- !u!4 &8684548686242766775
Transform:
  m_ObjectHideFlags: 0
  m_CorrespondingSourceObject: {fileID: 0}
  m_PrefabInstance: {fileID: 0}
  m_PrefabAsset: {fileID: 0}
  m_GameObject: {fileID: 4765855865069150672}
  m_LocalRotation: {x: 0, y: 0, z: 0, w: 1}
  m_LocalPosition: {x: 0, y: 0.111, z: -0}
  m_LocalScale: {x: 0.8, y: 0.8, z: 1}
  m_Children: []
  m_Father: {fileID: 7762626567037810666}
  m_RootOrder: 8
  m_LocalEulerAnglesHint: {x: 0, y: 0, z: 0}
--- !u!114 &1133278979578913295
MonoBehaviour:
  m_ObjectHideFlags: 0
  m_CorrespondingSourceObject: {fileID: 0}
  m_PrefabInstance: {fileID: 0}
  m_PrefabAsset: {fileID: 0}
  m_GameObject: {fileID: 4765855865069150672}
  m_Enabled: 1
  m_EditorHideFlags: 0
  m_Script: {fileID: 11500000, guid: f6202143f93329f4596fcd4f38f4496e, type: 3}
  m_Name: 
  m_EditorClassIdentifier: 
  tip: {fileID: 4760252478746094373, guid: 0499a74804bbbed4083ca126c34374b8, type: 3}
  size:
    serializedVersion: 2
    m_Curve:
    - serializedVersion: 3
      time: 0
      value: 0.1
      inSlope: 0
      outSlope: 0
      tangentMode: 0
      weightedMode: 3
      inWeight: 0
      outWeight: 0
    - serializedVersion: 3
      time: 1
      value: 0.1
      inSlope: 0
      outSlope: 0
      tangentMode: 0
      weightedMode: 3
      inWeight: 0
      outWeight: 0
    m_PreInfinity: 2
    m_PostInfinity: 2
    m_RotationOrder: 4
  twist: 0
--- !u!114 &2810990825960942283
MonoBehaviour:
  m_ObjectHideFlags: 0
  m_CorrespondingSourceObject: {fileID: 0}
  m_PrefabInstance: {fileID: 0}
  m_PrefabAsset: {fileID: 0}
  m_GameObject: {fileID: 4765855865069150672}
  m_Enabled: 1
  m_EditorHideFlags: 0
  m_Script: {fileID: 11500000, guid: c25f2c3c6d52ab744a70ac080b3e3958, type: 3}
  m_Name: 
  m_EditorClassIdentifier: 
  svgPoints:
  - x: -0.12459681110997353
    y: 0.364233837252663
  - x: -0.19572584475240398
    y: 0.39568544900225056
  - x: -0.24604842355174403
    y: 0.4559273847168492
  - x: -0.25185488116356636
    y: 0.5234273837939385
  - x: -0.26104842943529927
    y: 0.6281854464642463
  - x: -0.15967746319309356
    y: 0.7143144773379448
  - x: -0.060967787619559996
    y: 0.730282227118169
  - x: 0.042338663531887914
    y: 0.746975775447584
  - x: 0.14709673773857854
    y: 0.6877015821876065
  - x: 0.18556446029293922
    y: 0.5950402879426556
  - x: 0.2354031685859926
    y: 0.4755241575260316
  - x: 0.149999943471724
    y: 0.3593951321897968
  - x: 0.08999994301026867
    y: 0.3085886713477873
  - x: -0.010887155609746133
    y: 0.22294351098037535
  - x: -0.15532264594108827
    y: 0.2241531872460919
  - x: -0.26008070861139604
    y: 0.2766531862078174
  - x: -0.3643549007754172
    y: 0.3289112528004954
  - x: -0.44806457911768266
    y: 0.44141124933958054
  - x: -0.4429839330334817
    y: 0.5551209336807651
  - x: -0.4371774815503628
    y: 0.6862499677846509
  - x: -0.3147581219673157
    y: 0.7837499613242764
  - x: -0.21217748234348913
    y: 0.8652822166200607
  - x: -0.0970161864834447
    y: 0.9569757640842468
  - x: -0.030967810461598057
    y: 0.9647177037212156
  - x: 0.010645099224582795
    y: 1.056169310164067
  - x: 0.0179031640291214
    y: 1.072137052734052
  - x: 0.056612840583247524
    y: 1.1616531843619962
  - x: 0.01862897050957526
    y: 1.2550402843663768
  - x: -0.003629069174489667
    y: 1.3099596647004927
  - x: -0.05879032996393019
    y: 1.3827822465569741
  - x: -0.10887096774193548
    y: 1.3745564407398623
  - x: -0.178064513591028
    y: 1.3634274082799112
  - x: -0.2003225799529783
    y: 1.2037499905113251
  - x: -0.204435485024606
    y: 1.1756854665375525
  - x: -0.21991935564625648
    y: 1.065362887276757
  - x: -0.20080645262233673
    y: 0.9693145052559914
  - x: -0.13282258087588894
    y: 0.7779435181329327
  - x: -0.032661293783495506
    y: 0.4956048066096921
  - x: 0.03483870529359387
    y: 0.3959273900235853
  - x: 0.04209677442427604
    y: 0.1970564158212754
  - x: 0.04548387121289007
    y: 0.10366932158508609
  - x: 0.03338709665882972
    y: 0.04657254992954193
  - x: -0.005564516590487572
    y: 0.0061693222772690555
  - x: -0.07935483801749445
    y: -0.07004035744936235
  - x: -0.23661290830181492
    y: -0.07245970998079546
  - x: -0.2760483949415145
    y: -0.009798420292715873
  - x: -0.3026612987441401
    y: 0.032540289384703484
  - x: -0.2842742014796503
    y: 0.11770157924582882
  - x: -0.23637097593276732
    y: 0.1334273880047183
  - x: -0.20177420300822105
    y: 0.1447983557178128
  - x: -0.1645161365309069
    y: 0.11576609722068233
  - x: -0.15677420266212955
    y: 0.10947577487076482
  - x: 56.019999623298645
    y: 52.82000082731247
  svgCommands: 0100000004000000040000000400000004000000040000000400000004000000040000000400000004000000040000000400000004000000040000000400000004000000040000000400000004000000040000000400000004000000040000000400000004000000040000000400000004000000040000000400000004000000040000000400000004000000040000000400000004000000040000000400000004000000040000000400000004000000040000000400000004000000040000000400000004000000040000000400000000000000
  reverse: 0
  offset: 0
--- !u!114 &3258752681076363428
MonoBehaviour:
  m_ObjectHideFlags: 0
  m_CorrespondingSourceObject: {fileID: 0}
  m_PrefabInstance: {fileID: 0}
  m_PrefabAsset: {fileID: 0}
  m_GameObject: {fileID: 4765855865069150672}
  m_Enabled: 1
  m_EditorHideFlags: 0
  m_Script: {fileID: 11500000, guid: 5120595cb07379d488e526d799bc1e6d, type: 3}
  m_Name: 
  m_EditorClassIdentifier: 
  path: {fileID: 2810990825960942283}
  sections:
  - weight: 1
    colors: 00000000
  options:
  - colors:
    - {r: 0.986, g: 0.28298193, b: 0.3266477, a: 1}
  - colors:
    - {r: 0.2735849, g: 0.2735849, b: 0.2735849, a: 1}
  - colors:
    - {r: 0.45919994, g: 0.82, b: 0.27879998, a: 1}
  - colors:
    - {r: 0.3325, g: 0.74416655, b: 0.95, a: 1}
  brush: {fileID: 1133278979578913295}
  material: {fileID: 2100000, guid: 108036d14a7415f4b95df06c69a79ceb, type: 2}
--- !u!1 &5971112429605627799
GameObject:
  m_ObjectHideFlags: 0
  m_CorrespondingSourceObject: {fileID: 0}
  m_PrefabInstance: {fileID: 0}
  m_PrefabAsset: {fileID: 0}
  serializedVersion: 6
  m_Component:
  - component: {fileID: 3732272712569167597}
  m_Layer: 0
  m_Name: previewCameraTransform
  m_TagString: Untagged
  m_Icon: {fileID: 0}
  m_NavMeshLayer: 0
  m_StaticEditorFlags: 0
  m_IsActive: 1
--- !u!4 &3732272712569167597
Transform:
  m_ObjectHideFlags: 0
  m_CorrespondingSourceObject: {fileID: 0}
  m_PrefabInstance: {fileID: 0}
  m_PrefabAsset: {fileID: 0}
  m_GameObject: {fileID: 5971112429605627799}
  m_LocalRotation: {x: 0.5, y: 0, z: 0, w: 0.8660254}
  m_LocalPosition: {x: 0, y: 6.6, z: -3.6}
  m_LocalScale: {x: 1, y: 1, z: 1}
  m_Children: []
  m_Father: {fileID: 9083945958707455153}
  m_RootOrder: 2
  m_LocalEulerAnglesHint: {x: 0, y: 0, z: 0}
--- !u!1 &6710576672088563707
GameObject:
  m_ObjectHideFlags: 0
  m_CorrespondingSourceObject: {fileID: 0}
  m_PrefabInstance: {fileID: 0}
  m_PrefabAsset: {fileID: 0}
  serializedVersion: 6
  m_Component:
  - component: {fileID: 5406807584790537441}
  - component: {fileID: 7617823554590292992}
  - component: {fileID: 2956878143418817838}
  - component: {fileID: 5485634308816613299}
  m_Layer: 8
  m_Name: StrokeManual 1
  m_TagString: Untagged
  m_Icon: {fileID: 0}
  m_NavMeshLayer: 0
  m_StaticEditorFlags: 0
  m_IsActive: 1
--- !u!4 &5406807584790537441
Transform:
  m_ObjectHideFlags: 0
  m_CorrespondingSourceObject: {fileID: 0}
  m_PrefabInstance: {fileID: 0}
  m_PrefabAsset: {fileID: 0}
  m_GameObject: {fileID: 6710576672088563707}
  m_LocalRotation: {x: 0, y: 0, z: 0, w: 1}
  m_LocalPosition: {x: 0, y: 0.121, z: -0}
  m_LocalScale: {x: 1, y: 0.8, z: 1}
  m_Children: []
  m_Father: {fileID: 7762626567037810666}
  m_RootOrder: 1
  m_LocalEulerAnglesHint: {x: 0, y: 0, z: 0}
--- !u!114 &7617823554590292992
MonoBehaviour:
  m_ObjectHideFlags: 0
  m_CorrespondingSourceObject: {fileID: 0}
  m_PrefabInstance: {fileID: 0}
  m_PrefabAsset: {fileID: 0}
  m_GameObject: {fileID: 6710576672088563707}
  m_Enabled: 1
  m_EditorHideFlags: 0
  m_Script: {fileID: 11500000, guid: f6202143f93329f4596fcd4f38f4496e, type: 3}
  m_Name: 
  m_EditorClassIdentifier: 
  tip: {fileID: 4760252478746094373, guid: 9640ca4cc04832043a47cccd692bf87a, type: 3}
  size:
    serializedVersion: 2
    m_Curve:
    - serializedVersion: 3
      time: 0
      value: 0.4
      inSlope: 0
      outSlope: 0
      tangentMode: 0
      weightedMode: 3
      inWeight: 0
      outWeight: 0
    - serializedVersion: 3
      time: 1
      value: 0.4
      inSlope: 0
      outSlope: 0
      tangentMode: 0
      weightedMode: 3
      inWeight: 0
      outWeight: 0
    m_PreInfinity: 2
    m_PostInfinity: 2
    m_RotationOrder: 4
  twist: 0
--- !u!114 &2956878143418817838
MonoBehaviour:
  m_ObjectHideFlags: 0
  m_CorrespondingSourceObject: {fileID: 0}
  m_PrefabInstance: {fileID: 0}
  m_PrefabAsset: {fileID: 0}
  m_GameObject: {fileID: 6710576672088563707}
  m_Enabled: 1
  m_EditorHideFlags: 0
  m_Script: {fileID: 11500000, guid: c25f2c3c6d52ab744a70ac080b3e3958, type: 3}
  m_Name: 
  m_EditorClassIdentifier: 
  svgPoints:
  - x: -1.4758064516129032
    y: -0.4997177535007077
  - x: -1.4758064516129032
    y: -0.7646371037248642
  - x: -1.49927419424057
    y: -1.0363306641097991
  - x: -1.5
    y: -1.3092338603831106
  - x: -1.5
    y: -1.3336693440233507
  - x: -1.4758064516129032
    y: -1.353266119716629
  - x: -1.5
    y: -1.3827822465569741
  - x: 0.5
    y: 114.49999904632568
  svgCommands: 0100000004000000040000000400000004000000040000000400000000000000
  reverse: 0
  offset: 0
--- !u!114 &5485634308816613299
MonoBehaviour:
  m_ObjectHideFlags: 0
  m_CorrespondingSourceObject: {fileID: 0}
  m_PrefabInstance: {fileID: 0}
  m_PrefabAsset: {fileID: 0}
  m_GameObject: {fileID: 6710576672088563707}
  m_Enabled: 1
  m_EditorHideFlags: 0
  m_Script: {fileID: 11500000, guid: 5120595cb07379d488e526d799bc1e6d, type: 3}
  m_Name: 
  m_EditorClassIdentifier: 
  path: {fileID: 2956878143418817838}
  sections:
  - weight: 1
    colors: 01000000
  options:
  - colors:
    - {r: 0.986, g: 0.28298193, b: 0.3266477, a: 1}
  - colors:
    - {r: 0.2735849, g: 0.2735849, b: 0.2735849, a: 1}
  - colors:
    - {r: 0.45919994, g: 0.82, b: 0.27879998, a: 1}
  - colors:
    - {r: 0.3325, g: 0.74416655, b: 0.95, a: 1}
  brush: {fileID: 7617823554590292992}
  material: {fileID: 2100000, guid: 108036d14a7415f4b95df06c69a79ceb, type: 2}
--- !u!1 &7075556635273555335
GameObject:
  m_ObjectHideFlags: 0
  m_CorrespondingSourceObject: {fileID: 0}
  m_PrefabInstance: {fileID: 0}
  m_PrefabAsset: {fileID: 0}
  serializedVersion: 6
  m_Component:
  - component: {fileID: 9134354904313212515}
  m_Layer: 0
  m_Name: finishCameraTransform
  m_TagString: Untagged
  m_Icon: {fileID: 0}
  m_NavMeshLayer: 0
  m_StaticEditorFlags: 0
  m_IsActive: 1
--- !u!4 &9134354904313212515
Transform:
  m_ObjectHideFlags: 0
  m_CorrespondingSourceObject: {fileID: 0}
  m_PrefabInstance: {fileID: 0}
  m_PrefabAsset: {fileID: 0}
  m_GameObject: {fileID: 7075556635273555335}
  m_LocalRotation: {x: 0.5, y: 0, z: 0, w: 0.8660254}
  m_LocalPosition: {x: 0, y: 6.6, z: -3.6}
  m_LocalScale: {x: 1, y: 1, z: 1}
  m_Children: []
  m_Father: {fileID: 9083945958707455153}
  m_RootOrder: 1
  m_LocalEulerAnglesHint: {x: 0, y: 0, z: 0}
--- !u!1 &7368588148173427113
GameObject:
  m_ObjectHideFlags: 0
  m_CorrespondingSourceObject: {fileID: 0}
  m_PrefabInstance: {fileID: 0}
  m_PrefabAsset: {fileID: 0}
  serializedVersion: 6
  m_Component:
  - component: {fileID: 5948542076374753580}
  - component: {fileID: 5295619464366199688}
  - component: {fileID: 4949516157094814619}
  - component: {fileID: 7621851420775127735}
  m_Layer: 8
  m_Name: StrokeManual 2
  m_TagString: Untagged
  m_Icon: {fileID: 0}
  m_NavMeshLayer: 0
  m_StaticEditorFlags: 0
  m_IsActive: 1
--- !u!4 &5948542076374753580
Transform:
  m_ObjectHideFlags: 0
  m_CorrespondingSourceObject: {fileID: 0}
  m_PrefabInstance: {fileID: 0}
  m_PrefabAsset: {fileID: 0}
  m_GameObject: {fileID: 7368588148173427113}
  m_LocalRotation: {x: 0, y: 0, z: 0, w: 1}
  m_LocalPosition: {x: 0, y: 0.121, z: -0}
  m_LocalScale: {x: 1, y: 0.8, z: 1}
  m_Children: []
  m_Father: {fileID: 7762626567037810666}
  m_RootOrder: 2
  m_LocalEulerAnglesHint: {x: 0, y: 0, z: 0}
--- !u!114 &5295619464366199688
MonoBehaviour:
  m_ObjectHideFlags: 0
  m_CorrespondingSourceObject: {fileID: 0}
  m_PrefabInstance: {fileID: 0}
  m_PrefabAsset: {fileID: 0}
  m_GameObject: {fileID: 7368588148173427113}
  m_Enabled: 1
  m_EditorHideFlags: 0
  m_Script: {fileID: 11500000, guid: f6202143f93329f4596fcd4f38f4496e, type: 3}
  m_Name: 
  m_EditorClassIdentifier: 
  tip: {fileID: 4760252478746094373, guid: 9640ca4cc04832043a47cccd692bf87a, type: 3}
  size:
    serializedVersion: 2
    m_Curve:
    - serializedVersion: 3
      time: 0
      value: 0.4
      inSlope: 0
      outSlope: 0
      tangentMode: 0
      weightedMode: 3
      inWeight: 0
      outWeight: 0
    - serializedVersion: 3
      time: 1
      value: 0.4
      inSlope: 0
      outSlope: 0
      tangentMode: 0
      weightedMode: 3
      inWeight: 0
      outWeight: 0
    m_PreInfinity: 2
    m_PostInfinity: 2
    m_RotationOrder: 4
  twist: 0
--- !u!114 &4949516157094814619
MonoBehaviour:
  m_ObjectHideFlags: 0
  m_CorrespondingSourceObject: {fileID: 0}
  m_PrefabInstance: {fileID: 0}
  m_PrefabAsset: {fileID: 0}
  m_GameObject: {fileID: 7368588148173427113}
  m_Enabled: 1
  m_EditorHideFlags: 0
  m_Script: {fileID: 11500000, guid: c25f2c3c6d52ab744a70ac080b3e3958, type: 3}
  m_Name: 
  m_EditorClassIdentifier: 
  svgPoints:
  - x: -0.7741935483870968
    y: -0.4997177535007077
  - x: -0.7741935483870968
    y: -0.7646371037248642
  - x: -0.7976612910147636
    y: -1.0363306641097991
  - x: -0.7983870967741935
    y: -1.3092338603831106
  - x: -0.7983870967741935
    y: -1.3336693440233507
  - x: -0.7741935483870968
    y: -1.353266119716629
  - x: -0.7983870967741935
    y: -1.3827822465569741
  - x: 29.5
    y: 114.49999904632568
  svgCommands: 0100000004000000040000000400000004000000040000000400000000000000
  reverse: 0
  offset: 0
--- !u!114 &7621851420775127735
MonoBehaviour:
  m_ObjectHideFlags: 0
  m_CorrespondingSourceObject: {fileID: 0}
  m_PrefabInstance: {fileID: 0}
  m_PrefabAsset: {fileID: 0}
  m_GameObject: {fileID: 7368588148173427113}
  m_Enabled: 1
  m_EditorHideFlags: 0
  m_Script: {fileID: 11500000, guid: 5120595cb07379d488e526d799bc1e6d, type: 3}
  m_Name: 
  m_EditorClassIdentifier: 
  path: {fileID: 4949516157094814619}
  sections:
  - weight: 1
    colors: 01000000
  options:
  - colors:
    - {r: 0.986, g: 0.28298193, b: 0.3266477, a: 1}
  - colors:
    - {r: 0.2735849, g: 0.2735849, b: 0.2735849, a: 1}
  - colors:
    - {r: 0.45919994, g: 0.82, b: 0.27879998, a: 1}
  - colors:
    - {r: 0.3325, g: 0.74416655, b: 0.95, a: 1}
  brush: {fileID: 5295619464366199688}
  material: {fileID: 2100000, guid: 108036d14a7415f4b95df06c69a79ceb, type: 2}
--- !u!1 &7404949908119089629
GameObject:
  m_ObjectHideFlags: 0
  m_CorrespondingSourceObject: {fileID: 0}
  m_PrefabInstance: {fileID: 0}
  m_PrefabAsset: {fileID: 0}
  serializedVersion: 6
  m_Component:
  - component: {fileID: 3539390421999519986}
  - component: {fileID: 2045605372570294091}
  - component: {fileID: 3762362635589161039}
  - component: {fileID: 5737050385163042146}
  m_Layer: 8
  m_Name: StrokeManual 6
  m_TagString: Untagged
  m_Icon: {fileID: 0}
  m_NavMeshLayer: 0
  m_StaticEditorFlags: 0
  m_IsActive: 1
--- !u!4 &3539390421999519986
Transform:
  m_ObjectHideFlags: 0
  m_CorrespondingSourceObject: {fileID: 0}
  m_PrefabInstance: {fileID: 0}
  m_PrefabAsset: {fileID: 0}
  m_GameObject: {fileID: 7404949908119089629}
  m_LocalRotation: {x: 0, y: 0, z: 0, w: 1}
  m_LocalPosition: {x: -0.226, y: -0.224, z: 0}
  m_LocalScale: {x: 1, y: 1, z: 1}
  m_Children: []
  m_Father: {fileID: 7762626567037810666}
  m_RootOrder: 6
  m_LocalEulerAnglesHint: {x: 0, y: 0, z: 0}
--- !u!114 &2045605372570294091
MonoBehaviour:
  m_ObjectHideFlags: 0
  m_CorrespondingSourceObject: {fileID: 0}
  m_PrefabInstance: {fileID: 0}
  m_PrefabAsset: {fileID: 0}
  m_GameObject: {fileID: 7404949908119089629}
  m_Enabled: 1
  m_EditorHideFlags: 0
  m_Script: {fileID: 11500000, guid: f6202143f93329f4596fcd4f38f4496e, type: 3}
  m_Name: 
  m_EditorClassIdentifier: 
  tip: {fileID: 4760252478746094373, guid: 0499a74804bbbed4083ca126c34374b8, type: 3}
  size:
    serializedVersion: 2
    m_Curve:
    - serializedVersion: 3
      time: 0
      value: 0.1
      inSlope: 0
      outSlope: 0
      tangentMode: 0
      weightedMode: 3
      inWeight: 0
      outWeight: 0
    - serializedVersion: 3
      time: 1
      value: 0.1
      inSlope: 0
      outSlope: 0
      tangentMode: 0
      weightedMode: 3
      inWeight: 0
      outWeight: 0
    m_PreInfinity: 2
    m_PostInfinity: 2
    m_RotationOrder: 4
  twist: 0
--- !u!114 &3762362635589161039
MonoBehaviour:
  m_ObjectHideFlags: 0
  m_CorrespondingSourceObject: {fileID: 0}
  m_PrefabInstance: {fileID: 0}
  m_PrefabAsset: {fileID: 0}
  m_GameObject: {fileID: 7404949908119089629}
  m_Enabled: 1
  m_EditorHideFlags: 0
  m_Script: {fileID: 11500000, guid: c25f2c3c6d52ab744a70ac080b3e3958, type: 3}
  m_Name: 
  m_EditorClassIdentifier: 
  svgPoints:
  - x: -0.7451612718643681
    y: 1.0007661285419618
  - x: -0.7949999801574215
    y: 1.0196370955917142
  - x: -0.8419354654127551
    y: 0.9915725802702288
  - x: -0.848467723015816
    y: 0.9610887095332146
  - x: -0.8559677230734979
    y: 0.9274596776212415
  - x: -0.8167741760130851
    y: 0.887540323359351
  - x: -0.7768548188670988
    y: 0.8814919362625768
  - x: -0.7260483695614722
    y: 0.8737500009517516
  - x: -0.673548367715651
    y: 0.9206854847650374
  - x: -0.673548367715651
    y: 0.9690725786551352
  - x: -0.673548367715651
    y: 0.9964112882171907
  - x: -0.6902419160450658
    y: 1.0169758049230422
  - x: -0.6974999808496044
    y: 1.0247177387918196
  - x: -0.7478225596489445
    y: 1.106975805615225
  - x: -0.7983870794696193
    y: 1.1892338724386307
  - x: -0.8487096582689593
    y: 1.2712499867043188
  - x: -0.8424193359190417
    y: 1.2756048255870418
  - x: -0.817499981772515
    y: 1.2920564386633133
  - x: -0.7850806232421629
    y: 1.2872177292743037
  - x: -0.7601612690956362
    y: 1.2835886968720343
  - x: -0.7439515898304601
    y: 1.2693145032371245
  - x: -0.7374193322273993
    y: 1.2632661161403502
  - x: -0.7245967522744209
    y: 1.2516532131741123
  - x: -0.7173386874698823
    y: 1.2393145030063968
  - x: -0.7134677190934458
    y: 1.2313306310003804
  - x: 33.01000094413757
    y: 6.450000107288361
  svgCommands: 0100000004000000040000000400000004000000040000000400000004000000040000000400000004000000040000000400000004000000040000000400000004000000040000000400000004000000040000000400000004000000040000000400000000000000
  reverse: 0
  offset: 0
--- !u!114 &5737050385163042146
MonoBehaviour:
  m_ObjectHideFlags: 0
  m_CorrespondingSourceObject: {fileID: 0}
  m_PrefabInstance: {fileID: 0}
  m_PrefabAsset: {fileID: 0}
  m_GameObject: {fileID: 7404949908119089629}
  m_Enabled: 1
  m_EditorHideFlags: 0
  m_Script: {fileID: 11500000, guid: 5120595cb07379d488e526d799bc1e6d, type: 3}
  m_Name: 
  m_EditorClassIdentifier: 
  path: {fileID: 3762362635589161039}
  sections:
  - weight: 1
    colors: 02000000
  options:
  - colors:
    - {r: 0.986, g: 0.28298193, b: 0.3266477, a: 1}
  - colors:
    - {r: 0.2735849, g: 0.2735849, b: 0.2735849, a: 1}
  - colors:
    - {r: 0.45919994, g: 0.82, b: 0.27879998, a: 1}
  - colors:
    - {r: 0.3325, g: 0.74416655, b: 0.95, a: 1}
  brush: {fileID: 2045605372570294091}
  material: {fileID: 2100000, guid: 108036d14a7415f4b95df06c69a79ceb, type: 2}
--- !u!1001 &8220237162545878245
PrefabInstance:
  m_ObjectHideFlags: 0
  serializedVersion: 2
  m_Modification:
    m_TransformParent: {fileID: 9083945958707455153}
    m_Modifications:
    - target: {fileID: 246357810208183130, guid: 3fab0f7e45b54cf49bc4fa4236a681fd,
        type: 3}
      propertyPath: m_RootOrder
      value: 10
      objectReference: {fileID: 0}
    - target: {fileID: 1341202605574904496, guid: 3fab0f7e45b54cf49bc4fa4236a681fd,
        type: 3}
      propertyPath: m_Name
      value: RectangleLSharp
      objectReference: {fileID: 0}
    - target: {fileID: 6584062313319911921, guid: 3fab0f7e45b54cf49bc4fa4236a681fd,
        type: 3}
      propertyPath: m_RootOrder
      value: 9
      objectReference: {fileID: 0}
    - target: {fileID: 6955690194484411392, guid: 3fab0f7e45b54cf49bc4fa4236a681fd,
        type: 3}
      propertyPath: m_RootOrder
      value: 0
      objectReference: {fileID: 0}
    - target: {fileID: 6955690194484411392, guid: 3fab0f7e45b54cf49bc4fa4236a681fd,
        type: 3}
      propertyPath: m_LocalEulerAnglesHint.x
      value: 0
      objectReference: {fileID: 0}
    - target: {fileID: 6955690194484411392, guid: 3fab0f7e45b54cf49bc4fa4236a681fd,
        type: 3}
      propertyPath: m_LocalEulerAnglesHint.y
      value: 0
      objectReference: {fileID: 0}
    - target: {fileID: 6955690194484411392, guid: 3fab0f7e45b54cf49bc4fa4236a681fd,
        type: 3}
      propertyPath: m_LocalEulerAnglesHint.z
      value: 0
      objectReference: {fileID: 0}
    m_RemovedComponents: []
  m_SourcePrefab: {fileID: 100100000, guid: 3fab0f7e45b54cf49bc4fa4236a681fd, type: 3}
--- !u!4 &7762626567037810666 stripped
Transform:
  m_CorrespondingSourceObject: {fileID: 1850493022598292239, guid: 3fab0f7e45b54cf49bc4fa4236a681fd,
    type: 3}
  m_PrefabInstance: {fileID: 8220237162545878245}
  m_PrefabAsset: {fileID: 0}
--- !u!114 &8724481352691510824 stripped
MonoBehaviour:
  m_CorrespondingSourceObject: {fileID: 794801451098536653, guid: 3fab0f7e45b54cf49bc4fa4236a681fd,
    type: 3}
  m_PrefabInstance: {fileID: 8220237162545878245}
  m_PrefabAsset: {fileID: 0}
  m_GameObject: {fileID: 0}
  m_Enabled: 0
  m_EditorHideFlags: 0
  m_Script: {fileID: 11500000, guid: d931adf55ff26eb4dab04b81b53ef544, type: 3}
  m_Name: 
  m_EditorClassIdentifier: 
--- !u!4 &1338612820117956837 stripped
Transform:
  m_CorrespondingSourceObject: {fileID: 6955690194484411392, guid: 3fab0f7e45b54cf49bc4fa4236a681fd,
    type: 3}
  m_PrefabInstance: {fileID: 8220237162545878245}
  m_PrefabAsset: {fileID: 0}
