%YAML 1.1
%TAG !u! tag:unity3d.com,2011:
--- !u!1 &45255262039034365
GameObject:
  m_ObjectHideFlags: 0
  m_CorrespondingSourceObject: {fileID: 0}
  m_PrefabInstance: {fileID: 0}
  m_PrefabAsset: {fileID: 0}
  serializedVersion: 6
  m_Component:
  - component: {fileID: 5123546822004246918}
  m_Layer: 0
  m_Name: finishCameraTransform
  m_TagString: Untagged
  m_Icon: {fileID: 0}
  m_NavMeshLayer: 0
  m_StaticEditorFlags: 0
  m_IsActive: 1
--- !u!4 &5123546822004246918
Transform:
  m_ObjectHideFlags: 0
  m_CorrespondingSourceObject: {fileID: 0}
  m_PrefabInstance: {fileID: 0}
  m_PrefabAsset: {fileID: 0}
  m_GameObject: {fileID: 45255262039034365}
  m_LocalRotation: {x: 0.5, y: 0, z: 0, w: 0.8660254}
  m_LocalPosition: {x: 0, y: 6.6, z: -3.6}
  m_LocalScale: {x: 1, y: 1, z: 1}
  m_Children: []
  m_Father: {fileID: 9117842822849426105}
  m_RootOrder: 1
  m_LocalEulerAnglesHint: {x: 0, y: 0, z: 0}
--- !u!1 &566347304347092663
GameObject:
  m_ObjectHideFlags: 0
  m_CorrespondingSourceObject: {fileID: 0}
  m_PrefabInstance: {fileID: 0}
  m_PrefabAsset: {fileID: 0}
  serializedVersion: 6
  m_Component:
  - component: {fileID: 2911546753333706221}
  m_Layer: 8
  m_Name: Options
  m_TagString: Untagged
  m_Icon: {fileID: 0}
  m_NavMeshLayer: 0
  m_StaticEditorFlags: 0
  m_IsActive: 1
--- !u!4 &2911546753333706221
Transform:
  m_ObjectHideFlags: 0
  m_CorrespondingSourceObject: {fileID: 0}
  m_PrefabInstance: {fileID: 0}
  m_PrefabAsset: {fileID: 0}
  m_GameObject: {fileID: 566347304347092663}
  m_LocalRotation: {x: 0, y: 0, z: 0, w: 1}
  m_LocalPosition: {x: 0, y: 0, z: 0}
  m_LocalScale: {x: 1, y: 1, z: 1}
  m_Children:
  - {fileID: 6934651567142954586}
  - {fileID: 8837040763816321125}
  - {fileID: 1716056322161972708}
  - {fileID: 597558107781497445}
  - {fileID: 8593900279393609491}
  m_Father: {fileID: 7765722785596908215}
  m_RootOrder: 0
  m_LocalEulerAnglesHint: {x: 0, y: 0, z: 0}
--- !u!1 &721278266337189620
GameObject:
  m_ObjectHideFlags: 0
  m_CorrespondingSourceObject: {fileID: 0}
  m_PrefabInstance: {fileID: 0}
  m_PrefabAsset: {fileID: 0}
  serializedVersion: 6
  m_Component:
  - component: {fileID: 6934651567142954586}
  - component: {fileID: 834998949521905240}
  m_Layer: 8
  m_Name: Option
  m_TagString: Untagged
  m_Icon: {fileID: 0}
  m_NavMeshLayer: 0
  m_StaticEditorFlags: 0
  m_IsActive: 1
--- !u!4 &6934651567142954586
Transform:
  m_ObjectHideFlags: 0
  m_CorrespondingSourceObject: {fileID: 0}
  m_PrefabInstance: {fileID: 0}
  m_PrefabAsset: {fileID: 0}
  m_GameObject: {fileID: 721278266337189620}
  m_LocalRotation: {x: -0, y: -0, z: -0, w: 1}
  m_LocalPosition: {x: 0, y: 0, z: 0}
  m_LocalScale: {x: 1, y: 1, z: 1}
  m_Children: []
  m_Father: {fileID: 2911546753333706221}
  m_RootOrder: 0
  m_LocalEulerAnglesHint: {x: 0, y: 0, z: 0}
--- !u!114 &834998949521905240
MonoBehaviour:
  m_ObjectHideFlags: 0
  m_CorrespondingSourceObject: {fileID: 0}
  m_PrefabInstance: {fileID: 0}
  m_PrefabAsset: {fileID: 0}
  m_GameObject: {fileID: 721278266337189620}
  m_Enabled: 0
  m_EditorHideFlags: 0
  m_Script: {fileID: 11500000, guid: 552fb6fa4deaccb46ba7fa59819fc06a, type: 3}
  m_Name: 
  m_EditorClassIdentifier: 
  special: 0
  objects:
  - {fileID: 114986966024178736, guid: ab37bdefbae5a66439cc1215a71ecb11, type: 3}
  objectSizeX:
    serializedVersion: 2
    m_Curve:
    - serializedVersion: 3
      time: 0
      value: 0.05
      inSlope: 0
      outSlope: 0
      tangentMode: 0
      weightedMode: 3
      inWeight: 0
      outWeight: 0
    - serializedVersion: 3
      time: 1
      value: 0.06
      inSlope: 0
      outSlope: 0
      tangentMode: 0
      weightedMode: 3
      inWeight: 0
      outWeight: 0
    m_PreInfinity: 2
    m_PostInfinity: 2
    m_RotationOrder: 4
  objectSizeY:
    serializedVersion: 2
    m_Curve:
    - serializedVersion: 3
      time: 0
      value: 0.05
      inSlope: 0
      outSlope: 0
      tangentMode: 0
      weightedMode: 3
      inWeight: 0
      outWeight: 0
    - serializedVersion: 3
      time: 1
      value: 0.06
      inSlope: 0
      outSlope: 0
      tangentMode: 0
      weightedMode: 3
      inWeight: 0
      outWeight: 0
    m_PreInfinity: 2
    m_PostInfinity: 2
    m_RotationOrder: 4
  objectSizeZ:
    serializedVersion: 2
    m_Curve:
    - serializedVersion: 3
      time: 0
      value: 0.05
      inSlope: 0
      outSlope: 0
      tangentMode: 0
      weightedMode: 3
      inWeight: 0
      outWeight: 0
    - serializedVersion: 3
      time: 1
      value: 0.06
      inSlope: 0
      outSlope: 0
      tangentMode: 0
      weightedMode: 3
      inWeight: 0
      outWeight: 0
    m_PreInfinity: 2
    m_PostInfinity: 2
    m_RotationOrder: 4
  rotationX:
    serializedVersion: 2
    m_Curve:
    - serializedVersion: 3
      time: 0
      value: 0
      inSlope: 0
      outSlope: 0
      tangentMode: 0
      weightedMode: 3
      inWeight: 0
      outWeight: 0
    - serializedVersion: 3
      time: 1
      value: 0
      inSlope: 0
      outSlope: 0
      tangentMode: 0
      weightedMode: 3
      inWeight: 0
      outWeight: 0
    m_PreInfinity: 2
    m_PostInfinity: 2
    m_RotationOrder: 4
  rotationY:
    serializedVersion: 2
    m_Curve:
    - serializedVersion: 3
      time: 0
      value: 0
      inSlope: 0
      outSlope: 0
      tangentMode: 0
      weightedMode: 3
      inWeight: 0
      outWeight: 0
    - serializedVersion: 3
      time: 1
      value: 0
      inSlope: 0
      outSlope: 0
      tangentMode: 0
      weightedMode: 3
      inWeight: 0
      outWeight: 0
    m_PreInfinity: 2
    m_PostInfinity: 2
    m_RotationOrder: 4
  rotationZ:
    serializedVersion: 2
    m_Curve:
    - serializedVersion: 3
      time: 0
      value: 0
      inSlope: 0
      outSlope: 0
      tangentMode: 0
      weightedMode: 3
      inWeight: 0
      outWeight: 0
    - serializedVersion: 3
      time: 1
      value: 360
      inSlope: 0
      outSlope: 0
      tangentMode: 0
      weightedMode: 3
      inWeight: 0
      outWeight: 0
    m_PreInfinity: 2
    m_PostInfinity: 2
    m_RotationOrder: 4
  color:
    serializedVersion: 2
    key0: {r: 1, g: 0.36620423, b: 0.33490568, a: 1}
    key1: {r: 1, g: 0.8209606, b: 0.07843137, a: 1}
    key2: {r: 0.07843137, g: 1, b: 0.81982154, a: 0}
    key3: {r: 0.07843137, g: 0.4779123, b: 1, a: 0}
    key4: {r: 0.62513065, g: 0.07843137, b: 1, a: 0}
    key5: {r: 1, g: 0.07843137, b: 0.46137494, a: 0}
    key6: {r: 1, g: 0.8209606, b: 0.07843137, a: 0}
    key7: {r: 0, g: 0, b: 0, a: 0}
    ctime0: 0
    ctime1: 64571
    ctime2: 22552
    ctime3: 37201
    ctime4: 49151
    ctime5: 57054
    ctime6: 64571
    ctime7: 0
    atime0: 0
    atime1: 65535
    atime2: 0
    atime3: 0
    atime4: 0
    atime5: 0
    atime6: 0
    atime7: 0
    m_Mode: 0
    m_NumColorKeys: 2
    m_NumAlphaKeys: 2
  spacing: 0.1
  radius: 0.4
  count: 2
  sprinklePreviewType: 3
--- !u!1 &1479527279339052775
GameObject:
  m_ObjectHideFlags: 0
  m_CorrespondingSourceObject: {fileID: 0}
  m_PrefabInstance: {fileID: 0}
  m_PrefabAsset: {fileID: 0}
  serializedVersion: 6
  m_Component:
  - component: {fileID: 5611295330331549620}
  - component: {fileID: 7328129640254564439}
  - component: {fileID: 8062255025585152624}
  - component: {fileID: 7959747221901135408}
  m_Layer: 8
  m_Name: StrokeManual 2
  m_TagString: Untagged
  m_Icon: {fileID: 0}
  m_NavMeshLayer: 0
  m_StaticEditorFlags: 0
  m_IsActive: 1
--- !u!4 &5611295330331549620
Transform:
  m_ObjectHideFlags: 0
  m_CorrespondingSourceObject: {fileID: 0}
  m_PrefabInstance: {fileID: 0}
  m_PrefabAsset: {fileID: 0}
  m_GameObject: {fileID: 1479527279339052775}
  m_LocalRotation: {x: 0, y: 0, z: 0, w: 1}
  m_LocalPosition: {x: 0, y: 0, z: 0}
  m_LocalScale: {x: 1, y: 1, z: 1}
  m_Children: []
  m_Father: {fileID: 7865741396609969012}
  m_RootOrder: 2
  m_LocalEulerAnglesHint: {x: 0, y: 0, z: 0}
--- !u!114 &7328129640254564439
MonoBehaviour:
  m_ObjectHideFlags: 0
  m_CorrespondingSourceObject: {fileID: 0}
  m_PrefabInstance: {fileID: 0}
  m_PrefabAsset: {fileID: 0}
  m_GameObject: {fileID: 1479527279339052775}
  m_Enabled: 1
  m_EditorHideFlags: 0
  m_Script: {fileID: 11500000, guid: f6202143f93329f4596fcd4f38f4496e, type: 3}
  m_Name: 
  m_EditorClassIdentifier: 
  tip: {fileID: 4760252478746094373, guid: 0499a74804bbbed4083ca126c34374b8, type: 3}
  size:
    serializedVersion: 2
    m_Curve:
    - serializedVersion: 3
      time: 0
      value: 0.1
      inSlope: 0
      outSlope: 0
      tangentMode: 0
      weightedMode: 3
      inWeight: 0
      outWeight: 0
    - serializedVersion: 3
      time: 1
      value: 0.1
      inSlope: 0
      outSlope: 0
      tangentMode: 0
      weightedMode: 3
      inWeight: 0
      outWeight: 0
    m_PreInfinity: 2
    m_PostInfinity: 2
    m_RotationOrder: 4
  twist: 0
--- !u!114 &8062255025585152624
MonoBehaviour:
  m_ObjectHideFlags: 0
  m_CorrespondingSourceObject: {fileID: 0}
  m_PrefabInstance: {fileID: 0}
  m_PrefabAsset: {fileID: 0}
  m_GameObject: {fileID: 1479527279339052775}
  m_Enabled: 1
  m_EditorHideFlags: 0
  m_Script: {fileID: 11500000, guid: c25f2c3c6d52ab744a70ac080b3e3958, type: 3}
  m_Name: 
  m_EditorClassIdentifier: 
  svgPoints:
  - x: 0.20688880076498228
    y: 0.1362273974232709
  - x: 0.2292187039610842
    y: 0.11779398723446569
  - x: 0.25859226828058074
    y: 0.08872015287144866
  - x: 0.28182136134612124
    y: 0.04630832472590415
  - x: 0.33487361366587753
    y: -0.05050454411661746
  - x: 0.31853831674549193
    y: -0.14716754440783636
  - x: 0.3117943855785768
    y: -0.17848935701751273
  - x: 0.3317264473363111
    y: -0.17848935701751273
  - x: 0.35180837407228516
    y: -0.17848935701751273
  - x: 0.371740434043488
    y: -0.17848935701751273
  - x: 0.38462883467782766
    y: -0.1290338677485736
  - x: 0.4015635932977038
    y: -0.05694874890011595
  - x: 0.4166999703921714
    y: 0.031321812609676355
  - x: 0.4373813570411045
    y: 0.15271256646802214
  - x: 0.4475721844940655
    y: 0.21460684893086143
  - x: 0.43168648250839914
    y: 0.27110600646932104
  - x: 0.42209511496839713
    y: 0.3051253886873131
  - x: 0.3904735741887727
    y: 0.3914476947607997
  - x: 0.2668348492298935
    y: 0.4659306639802823
  - x: 47.5
    y: 69.94999694824219
  svgCommands: 0100000004000000040000000400000004000000040000000400000004000000040000000400000004000000040000000400000004000000040000000400000004000000040000000400000000000000
  reverse: 0
  offset: 0
--- !u!114 &7959747221901135408
MonoBehaviour:
  m_ObjectHideFlags: 0
  m_CorrespondingSourceObject: {fileID: 0}
  m_PrefabInstance: {fileID: 0}
  m_PrefabAsset: {fileID: 0}
  m_GameObject: {fileID: 1479527279339052775}
  m_Enabled: 1
  m_EditorHideFlags: 0
  m_Script: {fileID: 11500000, guid: 5120595cb07379d488e526d799bc1e6d, type: 3}
  m_Name: 
  m_EditorClassIdentifier: 
  path: {fileID: 8062255025585152624}
  sections:
  - weight: 1
    colors: 00000000
  options:
  - colors:
    - {r: 0.9811321, g: 0.16197933, b: 0.21231861, a: 1}
  - colors:
    - {r: 0.99215686, g: 0.8039216, b: 0, a: 1}
  - colors:
    - {r: 0.45919994, g: 0.82, b: 0.27879998, a: 1}
  brush: {fileID: 7328129640254564439}
  material: {fileID: 2100000, guid: 108036d14a7415f4b95df06c69a79ceb, type: 2}
--- !u!1 &2095754759972412073
GameObject:
  m_ObjectHideFlags: 0
  m_CorrespondingSourceObject: {fileID: 0}
  m_PrefabInstance: {fileID: 0}
  m_PrefabAsset: {fileID: 0}
  serializedVersion: 6
  m_Component:
  - component: {fileID: 7676280673612227504}
  - component: {fileID: 6756143895012042158}
  m_Layer: 0
  m_Name: Path
  m_TagString: Untagged
  m_Icon: {fileID: 0}
  m_NavMeshLayer: 0
  m_StaticEditorFlags: 0
  m_IsActive: 1
--- !u!4 &7676280673612227504
Transform:
  m_ObjectHideFlags: 0
  m_CorrespondingSourceObject: {fileID: 0}
  m_PrefabInstance: {fileID: 0}
  m_PrefabAsset: {fileID: 0}
  m_GameObject: {fileID: 2095754759972412073}
  m_LocalRotation: {x: 0, y: 0, z: 0, w: 1}
  m_LocalPosition: {x: 0, y: 0, z: 0}
  m_LocalScale: {x: 1, y: 1, z: 1}
  m_Children: []
  m_Father: {fileID: 7765722785596908215}
  m_RootOrder: 1
  m_LocalEulerAnglesHint: {x: 0, y: 0, z: 0}
--- !u!114 &6756143895012042158
MonoBehaviour:
  m_ObjectHideFlags: 0
  m_CorrespondingSourceObject: {fileID: 0}
  m_PrefabInstance: {fileID: 0}
  m_PrefabAsset: {fileID: 0}
  m_GameObject: {fileID: 2095754759972412073}
  m_Enabled: 1
  m_EditorHideFlags: 0
  m_Script: {fileID: 11500000, guid: c25f2c3c6d52ab744a70ac080b3e3958, type: 3}
  m_Name: 
  m_EditorClassIdentifier: 
  svgPoints:
  - x: -0.047881905210890176
    y: -0.28339494183110725
  - x: 0.07395844000911198
    y: -0.23783594556946486
  - x: 0.2023928585639153
    y: -0.28324507671329474
  - x: 0.25184833711366567
    y: -0.373314014528474
  - x: 0.3204865614626088
    y: -0.4981516593132714
  - x: 0.21872814476511218
    y: -0.675891702158774
  - x: 0.08699670383515995
    y: -0.7030172810854854
  - x: -0.030347684891523525
    y: -0.727145565806996
  - x: -0.1625287171831321
    y: -0.6300329687945263
  - x: -0.15278749002448472
    y: -0.5831251841556631
  - x: -0.1384004387144817
    y: -0.5140373612989377
  - x: 0.2067389322136796
    y: -0.43685682247113944
  - x: 0.3267808976948046
    y: -0.5981116962718909
  - x: 0.44202717672613145
    y: -0.7529223652891438
  - x: 0.30205315306033503
    y: -1.0631431775288605
  - x: 0.11696972806761553
    y: -1.092666596107408
  - x: -0.018208618081039962
    y: -1.1142471744123112
  - x: -0.18126185732841685
    y: -0.9864122229165927
  - x: -0.1677740021407125
    y: -0.9128284507126745
  - x: -0.15293735500272448
    y: -0.8317514224506425
  - x: 0.08579778400924186
    y: -0.7580177816954216
  - x: 0.25184833711366567
    y: -0.8528824022477633
  - x: 0.36184933833353794
    y: -0.9158257502774697
  - x: 0.4471225859862833
    y: -1.056848827004413
  - x: 0.4166999703921714
    y: -1.167599156688547
  - x: 0.34791187749192554
    y: -1.4187731031866653
  - x: -0.3105954443142812
    y: -1.5
  - x: -0.4075581960003572
    y: -1.3324507899670528
  - x: -0.4475721844940655
    y: -1.2632131057051506
  - x: -0.39167249401469084
    y: -1.1518633161080574
  - x: -0.31763912330299043
    y: -1.0477070597587246
  - x: 8.5
    y: 170.9499969482422
  svgCommands: 0100000004000000040000000400000004000000040000000400000004000000040000000400000004000000040000000400000004000000040000000400000004000000040000000400000004000000040000000400000004000000040000000400000004000000040000000400000004000000040000000400000000000000
  reverse: 0
  offset: 0
--- !u!1 &2948762832599783650
GameObject:
  m_ObjectHideFlags: 0
  m_CorrespondingSourceObject: {fileID: 0}
  m_PrefabInstance: {fileID: 0}
  m_PrefabAsset: {fileID: 0}
  serializedVersion: 6
  m_Component:
  - component: {fileID: 1716056322161972708}
  - component: {fileID: 3967687629870848598}
  m_Layer: 8
  m_Name: Option
  m_TagString: Untagged
  m_Icon: {fileID: 0}
  m_NavMeshLayer: 0
  m_StaticEditorFlags: 0
  m_IsActive: 1
--- !u!4 &1716056322161972708
Transform:
  m_ObjectHideFlags: 0
  m_CorrespondingSourceObject: {fileID: 0}
  m_PrefabInstance: {fileID: 0}
  m_PrefabAsset: {fileID: 0}
  m_GameObject: {fileID: 2948762832599783650}
  m_LocalRotation: {x: -0, y: -0, z: -0, w: 1}
  m_LocalPosition: {x: 0, y: 0, z: 0}
  m_LocalScale: {x: 1, y: 1, z: 1}
  m_Children: []
  m_Father: {fileID: 2911546753333706221}
  m_RootOrder: 2
  m_LocalEulerAnglesHint: {x: 0, y: 0, z: 0}
--- !u!114 &3967687629870848598
MonoBehaviour:
  m_ObjectHideFlags: 0
  m_CorrespondingSourceObject: {fileID: 0}
  m_PrefabInstance: {fileID: 0}
  m_PrefabAsset: {fileID: 0}
  m_GameObject: {fileID: 2948762832599783650}
  m_Enabled: 0
  m_EditorHideFlags: 0
  m_Script: {fileID: 11500000, guid: 552fb6fa4deaccb46ba7fa59819fc06a, type: 3}
  m_Name: 
  m_EditorClassIdentifier: 
  special: 0
  objects:
  - {fileID: 114986966024178736, guid: ab37bdefbae5a66439cc1215a71ecb11, type: 3}
  objectSizeX:
    serializedVersion: 2
    m_Curve:
    - serializedVersion: 3
      time: 0
      value: 0.05
      inSlope: 0
      outSlope: 0
      tangentMode: 0
      weightedMode: 3
      inWeight: 0
      outWeight: 0
    - serializedVersion: 3
      time: 1
      value: 0.06
      inSlope: 0
      outSlope: 0
      tangentMode: 0
      weightedMode: 3
      inWeight: 0
      outWeight: 0
    m_PreInfinity: 2
    m_PostInfinity: 2
    m_RotationOrder: 4
  objectSizeY:
    serializedVersion: 2
    m_Curve:
    - serializedVersion: 3
      time: 0
      value: 0.05
      inSlope: 0
      outSlope: 0
      tangentMode: 0
      weightedMode: 3
      inWeight: 0
      outWeight: 0
    - serializedVersion: 3
      time: 1
      value: 0.06
      inSlope: 0
      outSlope: 0
      tangentMode: 0
      weightedMode: 3
      inWeight: 0
      outWeight: 0
    m_PreInfinity: 2
    m_PostInfinity: 2
    m_RotationOrder: 4
  objectSizeZ:
    serializedVersion: 2
    m_Curve:
    - serializedVersion: 3
      time: 0
      value: 0.05
      inSlope: 0
      outSlope: 0
      tangentMode: 0
      weightedMode: 3
      inWeight: 0
      outWeight: 0
    - serializedVersion: 3
      time: 1
      value: 0.06
      inSlope: 0
      outSlope: 0
      tangentMode: 0
      weightedMode: 3
      inWeight: 0
      outWeight: 0
    m_PreInfinity: 2
    m_PostInfinity: 2
    m_RotationOrder: 4
  rotationX:
    serializedVersion: 2
    m_Curve:
    - serializedVersion: 3
      time: 0
      value: 0
      inSlope: 0
      outSlope: 0
      tangentMode: 0
      weightedMode: 3
      inWeight: 0
      outWeight: 0
    - serializedVersion: 3
      time: 1
      value: 0
      inSlope: 0
      outSlope: 0
      tangentMode: 0
      weightedMode: 3
      inWeight: 0
      outWeight: 0
    m_PreInfinity: 2
    m_PostInfinity: 2
    m_RotationOrder: 4
  rotationY:
    serializedVersion: 2
    m_Curve:
    - serializedVersion: 3
      time: 0
      value: 0
      inSlope: 0
      outSlope: 0
      tangentMode: 0
      weightedMode: 3
      inWeight: 0
      outWeight: 0
    - serializedVersion: 3
      time: 1
      value: 0
      inSlope: 0
      outSlope: 0
      tangentMode: 0
      weightedMode: 3
      inWeight: 0
      outWeight: 0
    m_PreInfinity: 2
    m_PostInfinity: 2
    m_RotationOrder: 4
  rotationZ:
    serializedVersion: 2
    m_Curve:
    - serializedVersion: 3
      time: 0
      value: 0
      inSlope: 0
      outSlope: 0
      tangentMode: 0
      weightedMode: 3
      inWeight: 0
      outWeight: 0
    - serializedVersion: 3
      time: 1
      value: 360
      inSlope: 0
      outSlope: 0
      tangentMode: 0
      weightedMode: 3
      inWeight: 0
      outWeight: 0
    m_PreInfinity: 2
    m_PostInfinity: 2
    m_RotationOrder: 4
  color:
    serializedVersion: 2
    key0: {r: 0.07843137, g: 0.4779123, b: 1, a: 1}
    key1: {r: 0.07843137, g: 0.4779123, b: 1, a: 1}
    key2: {r: 1, g: 0.8209606, b: 0.07843137, a: 0}
    key3: {r: 1, g: 0.8209606, b: 0.07843137, a: 0}
    key4: {r: 1, g: 0.8209606, b: 0.07843137, a: 0}
    key5: {r: 1, g: 0.8209606, b: 0.07843137, a: 0}
    key6: {r: 1, g: 0.8209606, b: 0.07843137, a: 0}
    key7: {r: 0, g: 0, b: 0, a: 0}
    ctime0: 0
    ctime1: 65535
    ctime2: 64571
    ctime3: 64571
    ctime4: 64571
    ctime5: 64571
    ctime6: 64571
    ctime7: 0
    atime0: 0
    atime1: 65535
    atime2: 0
    atime3: 0
    atime4: 0
    atime5: 0
    atime6: 0
    atime7: 0
    m_Mode: 0
    m_NumColorKeys: 2
    m_NumAlphaKeys: 2
  spacing: 0.1
  radius: 0.4
  count: 2
  sprinklePreviewType: 3
--- !u!1 &3340879522965813664
GameObject:
  m_ObjectHideFlags: 0
  m_CorrespondingSourceObject: {fileID: 0}
  m_PrefabInstance: {fileID: 0}
  m_PrefabAsset: {fileID: 0}
  serializedVersion: 6
  m_Component:
  - component: {fileID: 8837040763816321125}
  - component: {fileID: 4153003634205027358}
  m_Layer: 8
  m_Name: Option
  m_TagString: Untagged
  m_Icon: {fileID: 0}
  m_NavMeshLayer: 0
  m_StaticEditorFlags: 0
  m_IsActive: 1
--- !u!4 &8837040763816321125
Transform:
  m_ObjectHideFlags: 0
  m_CorrespondingSourceObject: {fileID: 0}
  m_PrefabInstance: {fileID: 0}
  m_PrefabAsset: {fileID: 0}
  m_GameObject: {fileID: 3340879522965813664}
  m_LocalRotation: {x: -0, y: -0, z: -0, w: 1}
  m_LocalPosition: {x: 0, y: 0, z: 0}
  m_LocalScale: {x: 1, y: 1, z: 1}
  m_Children: []
  m_Father: {fileID: 2911546753333706221}
  m_RootOrder: 1
  m_LocalEulerAnglesHint: {x: 0, y: 0, z: 0}
--- !u!114 &4153003634205027358
MonoBehaviour:
  m_ObjectHideFlags: 0
  m_CorrespondingSourceObject: {fileID: 0}
  m_PrefabInstance: {fileID: 0}
  m_PrefabAsset: {fileID: 0}
  m_GameObject: {fileID: 3340879522965813664}
  m_Enabled: 0
  m_EditorHideFlags: 0
  m_Script: {fileID: 11500000, guid: 552fb6fa4deaccb46ba7fa59819fc06a, type: 3}
  m_Name: 
  m_EditorClassIdentifier: 
  special: 0
  objects:
  - {fileID: 114986966024178736, guid: ab37bdefbae5a66439cc1215a71ecb11, type: 3}
  objectSizeX:
    serializedVersion: 2
    m_Curve:
    - serializedVersion: 3
      time: 0
      value: 0.05
      inSlope: 0
      outSlope: 0
      tangentMode: 0
      weightedMode: 3
      inWeight: 0
      outWeight: 0
    - serializedVersion: 3
      time: 1
      value: 0.06
      inSlope: 0
      outSlope: 0
      tangentMode: 0
      weightedMode: 3
      inWeight: 0
      outWeight: 0
    m_PreInfinity: 2
    m_PostInfinity: 2
    m_RotationOrder: 4
  objectSizeY:
    serializedVersion: 2
    m_Curve:
    - serializedVersion: 3
      time: 0
      value: 0.05
      inSlope: 0
      outSlope: 0
      tangentMode: 0
      weightedMode: 3
      inWeight: 0
      outWeight: 0
    - serializedVersion: 3
      time: 1
      value: 0.06
      inSlope: 0
      outSlope: 0
      tangentMode: 0
      weightedMode: 3
      inWeight: 0
      outWeight: 0
    m_PreInfinity: 2
    m_PostInfinity: 2
    m_RotationOrder: 4
  objectSizeZ:
    serializedVersion: 2
    m_Curve:
    - serializedVersion: 3
      time: 0
      value: 0.05
      inSlope: 0
      outSlope: 0
      tangentMode: 0
      weightedMode: 3
      inWeight: 0
      outWeight: 0
    - serializedVersion: 3
      time: 1
      value: 0.06
      inSlope: 0
      outSlope: 0
      tangentMode: 0
      weightedMode: 3
      inWeight: 0
      outWeight: 0
    m_PreInfinity: 2
    m_PostInfinity: 2
    m_RotationOrder: 4
  rotationX:
    serializedVersion: 2
    m_Curve:
    - serializedVersion: 3
      time: 0
      value: 0
      inSlope: 0
      outSlope: 0
      tangentMode: 0
      weightedMode: 3
      inWeight: 0
      outWeight: 0
    - serializedVersion: 3
      time: 1
      value: 0
      inSlope: 0
      outSlope: 0
      tangentMode: 0
      weightedMode: 3
      inWeight: 0
      outWeight: 0
    m_PreInfinity: 2
    m_PostInfinity: 2
    m_RotationOrder: 4
  rotationY:
    serializedVersion: 2
    m_Curve:
    - serializedVersion: 3
      time: 0
      value: 0
      inSlope: 0
      outSlope: 0
      tangentMode: 0
      weightedMode: 3
      inWeight: 0
      outWeight: 0
    - serializedVersion: 3
      time: 1
      value: 0
      inSlope: 0
      outSlope: 0
      tangentMode: 0
      weightedMode: 3
      inWeight: 0
      outWeight: 0
    m_PreInfinity: 2
    m_PostInfinity: 2
    m_RotationOrder: 4
  rotationZ:
    serializedVersion: 2
    m_Curve:
    - serializedVersion: 3
      time: 0
      value: 0
      inSlope: 0
      outSlope: 0
      tangentMode: 0
      weightedMode: 3
      inWeight: 0
      outWeight: 0
    - serializedVersion: 3
      time: 1
      value: 360
      inSlope: 0
      outSlope: 0
      tangentMode: 0
      weightedMode: 3
      inWeight: 0
      outWeight: 0
    m_PreInfinity: 2
    m_PostInfinity: 2
    m_RotationOrder: 4
  color:
    serializedVersion: 2
    key0: {r: 0.4245283, g: 0.4245283, b: 0.4245283, a: 1}
    key1: {r: 0.4245283, g: 0.4245283, b: 0.4245283, a: 1}
    key2: {r: 1, g: 0.07843137, b: 0.46137494, a: 0}
    key3: {r: 1, g: 0.07843137, b: 0.46137494, a: 0}
    key4: {r: 1, g: 0.07843137, b: 0.46137494, a: 0}
    key5: {r: 1, g: 0.07843137, b: 0.46137494, a: 0}
    key6: {r: 1, g: 0.8209606, b: 0.07843137, a: 0}
    key7: {r: 0, g: 0, b: 0, a: 0}
    ctime0: 0
    ctime1: 65535
    ctime2: 57054
    ctime3: 57054
    ctime4: 57054
    ctime5: 57054
    ctime6: 65150
    ctime7: 0
    atime0: 0
    atime1: 65535
    atime2: 0
    atime3: 0
    atime4: 0
    atime5: 0
    atime6: 0
    atime7: 0
    m_Mode: 0
    m_NumColorKeys: 2
    m_NumAlphaKeys: 2
  spacing: 0.1
  radius: 0.4
  count: 2
  sprinklePreviewType: 3
--- !u!1 &3981962350644060976
GameObject:
  m_ObjectHideFlags: 0
  m_CorrespondingSourceObject: {fileID: 0}
  m_PrefabInstance: {fileID: 0}
  m_PrefabAsset: {fileID: 0}
  serializedVersion: 6
  m_Component:
  - component: {fileID: 8593900279393609491}
  - component: {fileID: 6592847431572414925}
  m_Layer: 8
  m_Name: Option
  m_TagString: Untagged
  m_Icon: {fileID: 0}
  m_NavMeshLayer: 0
  m_StaticEditorFlags: 0
  m_IsActive: 1
--- !u!4 &8593900279393609491
Transform:
  m_ObjectHideFlags: 0
  m_CorrespondingSourceObject: {fileID: 0}
  m_PrefabInstance: {fileID: 0}
  m_PrefabAsset: {fileID: 0}
  m_GameObject: {fileID: 3981962350644060976}
  m_LocalRotation: {x: -0, y: -0, z: -0, w: 1}
  m_LocalPosition: {x: 0, y: 0, z: 0}
  m_LocalScale: {x: 1, y: 1, z: 1}
  m_Children: []
  m_Father: {fileID: 2911546753333706221}
  m_RootOrder: 4
  m_LocalEulerAnglesHint: {x: 0, y: 0, z: 0}
--- !u!114 &6592847431572414925
MonoBehaviour:
  m_ObjectHideFlags: 0
  m_CorrespondingSourceObject: {fileID: 0}
  m_PrefabInstance: {fileID: 0}
  m_PrefabAsset: {fileID: 0}
  m_GameObject: {fileID: 3981962350644060976}
  m_Enabled: 0
  m_EditorHideFlags: 0
  m_Script: {fileID: 11500000, guid: 552fb6fa4deaccb46ba7fa59819fc06a, type: 3}
  m_Name: 
  m_EditorClassIdentifier: 
  special: 0
  objects:
  - {fileID: 114986966024178736, guid: ab37bdefbae5a66439cc1215a71ecb11, type: 3}
  - {fileID: 2647852329520218456, guid: 8d4f907bba59f6e42b73731e08670013, type: 3}
  objectSizeX:
    serializedVersion: 2
    m_Curve:
    - serializedVersion: 3
      time: 0
      value: 0.05
      inSlope: 0
      outSlope: 0
      tangentMode: 0
      weightedMode: 3
      inWeight: 0
      outWeight: 0
    - serializedVersion: 3
      time: 1
      value: 0.06
      inSlope: 0
      outSlope: 0
      tangentMode: 0
      weightedMode: 3
      inWeight: 0
      outWeight: 0
    m_PreInfinity: 2
    m_PostInfinity: 2
    m_RotationOrder: 4
  objectSizeY:
    serializedVersion: 2
    m_Curve:
    - serializedVersion: 3
      time: 0
      value: 0.05
      inSlope: 0
      outSlope: 0
      tangentMode: 0
      weightedMode: 3
      inWeight: 0
      outWeight: 0
    - serializedVersion: 3
      time: 1
      value: 0.06
      inSlope: 0
      outSlope: 0
      tangentMode: 0
      weightedMode: 3
      inWeight: 0
      outWeight: 0
    m_PreInfinity: 2
    m_PostInfinity: 2
    m_RotationOrder: 4
  objectSizeZ:
    serializedVersion: 2
    m_Curve:
    - serializedVersion: 3
      time: 0
      value: 0.05
      inSlope: 0
      outSlope: 0
      tangentMode: 0
      weightedMode: 3
      inWeight: 0
      outWeight: 0
    - serializedVersion: 3
      time: 1
      value: 0.06
      inSlope: 0
      outSlope: 0
      tangentMode: 0
      weightedMode: 3
      inWeight: 0
      outWeight: 0
    m_PreInfinity: 2
    m_PostInfinity: 2
    m_RotationOrder: 4
  rotationX:
    serializedVersion: 2
    m_Curve:
    - serializedVersion: 3
      time: 0
      value: 0
      inSlope: 0
      outSlope: 0
      tangentMode: 0
      weightedMode: 3
      inWeight: 0
      outWeight: 0
    - serializedVersion: 3
      time: 1
      value: 0
      inSlope: 0
      outSlope: 0
      tangentMode: 0
      weightedMode: 3
      inWeight: 0
      outWeight: 0
    m_PreInfinity: 2
    m_PostInfinity: 2
    m_RotationOrder: 4
  rotationY:
    serializedVersion: 2
    m_Curve:
    - serializedVersion: 3
      time: 0
      value: 0
      inSlope: 0
      outSlope: 0
      tangentMode: 0
      weightedMode: 3
      inWeight: 0
      outWeight: 0
    - serializedVersion: 3
      time: 1
      value: 0
      inSlope: 0
      outSlope: 0
      tangentMode: 0
      weightedMode: 3
      inWeight: 0
      outWeight: 0
    m_PreInfinity: 2
    m_PostInfinity: 2
    m_RotationOrder: 4
  rotationZ:
    serializedVersion: 2
    m_Curve:
    - serializedVersion: 3
      time: 0
      value: 0
      inSlope: 0
      outSlope: 0
      tangentMode: 0
      weightedMode: 3
      inWeight: 0
      outWeight: 0
    - serializedVersion: 3
      time: 1
      value: 360
      inSlope: 0
      outSlope: 0
      tangentMode: 0
      weightedMode: 3
      inWeight: 0
      outWeight: 0
    m_PreInfinity: 2
    m_PostInfinity: 2
    m_RotationOrder: 4
  color:
    serializedVersion: 2
    key0: {r: 1, g: 0.07843137, b: 0.46137494, a: 1}
    key1: {r: 1, g: 0.07843137, b: 0.46137494, a: 1}
    key2: {r: 1, g: 0.07843137, b: 0.46137494, a: 0}
    key3: {r: 1, g: 0.07843137, b: 0.46137494, a: 0}
    key4: {r: 1, g: 0.07843137, b: 0.46137494, a: 0}
    key5: {r: 1, g: 0.8209606, b: 0.07843137, a: 0}
    key6: {r: 1, g: 0.8209606, b: 0.07843137, a: 0}
    key7: {r: 0, g: 0, b: 0, a: 0}
    ctime0: 0
    ctime1: 65535
    ctime2: 57054
    ctime3: 57054
    ctime4: 57054
    ctime5: 64571
    ctime6: 64571
    ctime7: 0
    atime0: 0
    atime1: 65535
    atime2: 0
    atime3: 0
    atime4: 0
    atime5: 0
    atime6: 0
    atime7: 0
    m_Mode: 0
    m_NumColorKeys: 2
    m_NumAlphaKeys: 2
  spacing: 0.1
  radius: 0.4
  count: 2
  sprinklePreviewType: 0
--- !u!1 &4891738627788454699
GameObject:
  m_ObjectHideFlags: 0
  m_CorrespondingSourceObject: {fileID: 0}
  m_PrefabInstance: {fileID: 0}
  m_PrefabAsset: {fileID: 0}
  serializedVersion: 6
  m_Component:
  - component: {fileID: 9117842822849426105}
  - component: {fileID: 1098586062046879522}
  m_Layer: 0
  m_Name: dungnv_004
  m_TagString: Untagged
  m_Icon: {fileID: 0}
  m_NavMeshLayer: 0
  m_StaticEditorFlags: 0
  m_IsActive: 1
--- !u!4 &9117842822849426105
Transform:
  m_ObjectHideFlags: 0
  m_CorrespondingSourceObject: {fileID: 0}
  m_PrefabInstance: {fileID: 0}
  m_PrefabAsset: {fileID: 0}
  m_GameObject: {fileID: 4891738627788454699}
  m_LocalRotation: {x: 0, y: 0, z: 0, w: 1}
  m_LocalPosition: {x: 0, y: 0, z: 0}
  m_LocalScale: {x: 1, y: 1, z: 1}
  m_Children:
  - {fileID: 1441553033902421115}
  - {fileID: 5123546822004246918}
  - {fileID: 7864797914411805971}
  m_Father: {fileID: 0}
  m_RootOrder: 0
  m_LocalEulerAnglesHint: {x: 0, y: 0, z: 0}
--- !u!114 &1098586062046879522
MonoBehaviour:
  m_ObjectHideFlags: 0
  m_CorrespondingSourceObject: {fileID: 0}
  m_PrefabInstance: {fileID: 0}
  m_PrefabAsset: {fileID: 0}
  m_GameObject: {fileID: 4891738627788454699}
  m_Enabled: 1
  m_EditorHideFlags: 0
  m_Script: {fileID: 11500000, guid: f522867c3f9eb3e4bb325c968c25314e, type: 3}
  m_Name: 
  m_EditorClassIdentifier: 
  layers:
  - {fileID: 9187708332876214966}
  backgroundColor: {r: 0.6313726, g: 1, b: 0.64705884, a: 1}
  glitterStroke: 0
  glitterCake: 0
  newPreview: 0
  strokeRate: 0.5
  sprinkleRate: 0.5
  diskColor: {r: 1, g: 0.5647059, b: 0.5568628, a: 1}
  type: 0
  previewCameraTransform: {fileID: 7864797914411805971}
  previewCameraSize: 2
  previewCameraSizeForSelection: 2.2
  finishCameraTransform: {fileID: 5123546822004246918}
  previewScale: 1
  specialStroke: 0
  specialFill: 0
--- !u!1 &5402223324426725453
GameObject:
  m_ObjectHideFlags: 0
  m_CorrespondingSourceObject: {fileID: 0}
  m_PrefabInstance: {fileID: 0}
  m_PrefabAsset: {fileID: 0}
  serializedVersion: 6
  m_Component:
  - component: {fileID: 597558107781497445}
  - component: {fileID: 2465444088935807843}
  m_Layer: 8
  m_Name: Option
  m_TagString: Untagged
  m_Icon: {fileID: 0}
  m_NavMeshLayer: 0
  m_StaticEditorFlags: 0
  m_IsActive: 1
--- !u!4 &597558107781497445
Transform:
  m_ObjectHideFlags: 0
  m_CorrespondingSourceObject: {fileID: 0}
  m_PrefabInstance: {fileID: 0}
  m_PrefabAsset: {fileID: 0}
  m_GameObject: {fileID: 5402223324426725453}
  m_LocalRotation: {x: -0, y: -0, z: -0, w: 1}
  m_LocalPosition: {x: 0, y: 0, z: 0}
  m_LocalScale: {x: 1, y: 1, z: 1}
  m_Children: []
  m_Father: {fileID: 2911546753333706221}
  m_RootOrder: 3
  m_LocalEulerAnglesHint: {x: 0, y: 0, z: 0}
--- !u!114 &2465444088935807843
MonoBehaviour:
  m_ObjectHideFlags: 0
  m_CorrespondingSourceObject: {fileID: 0}
  m_PrefabInstance: {fileID: 0}
  m_PrefabAsset: {fileID: 0}
  m_GameObject: {fileID: 5402223324426725453}
  m_Enabled: 0
  m_EditorHideFlags: 0
  m_Script: {fileID: 11500000, guid: 552fb6fa4deaccb46ba7fa59819fc06a, type: 3}
  m_Name: 
  m_EditorClassIdentifier: 
  special: 0
  objects:
  - {fileID: 114986966024178736, guid: ab37bdefbae5a66439cc1215a71ecb11, type: 3}
  - {fileID: 2647852329520218456, guid: 8d4f907bba59f6e42b73731e08670013, type: 3}
  objectSizeX:
    serializedVersion: 2
    m_Curve:
    - serializedVersion: 3
      time: 0
      value: 0.05
      inSlope: 0
      outSlope: 0
      tangentMode: 0
      weightedMode: 3
      inWeight: 0
      outWeight: 0
    - serializedVersion: 3
      time: 1
      value: 0.06
      inSlope: 0
      outSlope: 0
      tangentMode: 0
      weightedMode: 3
      inWeight: 0
      outWeight: 0
    m_PreInfinity: 2
    m_PostInfinity: 2
    m_RotationOrder: 4
  objectSizeY:
    serializedVersion: 2
    m_Curve:
    - serializedVersion: 3
      time: 0
      value: 0.05
      inSlope: 0
      outSlope: 0
      tangentMode: 0
      weightedMode: 3
      inWeight: 0
      outWeight: 0
    - serializedVersion: 3
      time: 1
      value: 0.06
      inSlope: 0
      outSlope: 0
      tangentMode: 0
      weightedMode: 3
      inWeight: 0
      outWeight: 0
    m_PreInfinity: 2
    m_PostInfinity: 2
    m_RotationOrder: 4
  objectSizeZ:
    serializedVersion: 2
    m_Curve:
    - serializedVersion: 3
      time: 0
      value: 0.05
      inSlope: 0
      outSlope: 0
      tangentMode: 0
      weightedMode: 3
      inWeight: 0
      outWeight: 0
    - serializedVersion: 3
      time: 1
      value: 0.06
      inSlope: 0
      outSlope: 0
      tangentMode: 0
      weightedMode: 3
      inWeight: 0
      outWeight: 0
    m_PreInfinity: 2
    m_PostInfinity: 2
    m_RotationOrder: 4
  rotationX:
    serializedVersion: 2
    m_Curve:
    - serializedVersion: 3
      time: 0
      value: 0
      inSlope: 0
      outSlope: 0
      tangentMode: 0
      weightedMode: 3
      inWeight: 0
      outWeight: 0
    - serializedVersion: 3
      time: 1
      value: 0
      inSlope: 0
      outSlope: 0
      tangentMode: 0
      weightedMode: 3
      inWeight: 0
      outWeight: 0
    m_PreInfinity: 2
    m_PostInfinity: 2
    m_RotationOrder: 4
  rotationY:
    serializedVersion: 2
    m_Curve:
    - serializedVersion: 3
      time: 0
      value: 0
      inSlope: 0
      outSlope: 0
      tangentMode: 0
      weightedMode: 3
      inWeight: 0
      outWeight: 0
    - serializedVersion: 3
      time: 1
      value: 0
      inSlope: 0
      outSlope: 0
      tangentMode: 0
      weightedMode: 3
      inWeight: 0
      outWeight: 0
    m_PreInfinity: 2
    m_PostInfinity: 2
    m_RotationOrder: 4
  rotationZ:
    serializedVersion: 2
    m_Curve:
    - serializedVersion: 3
      time: 0
      value: 0
      inSlope: 0
      outSlope: 0
      tangentMode: 0
      weightedMode: 3
      inWeight: 0
      outWeight: 0
    - serializedVersion: 3
      time: 1
      value: 360
      inSlope: 0
      outSlope: 0
      tangentMode: 0
      weightedMode: 3
      inWeight: 0
      outWeight: 0
    m_PreInfinity: 2
    m_PostInfinity: 2
    m_RotationOrder: 4
  color:
    serializedVersion: 2
    key0: {r: 0.62513065, g: 0.07843137, b: 1, a: 1}
    key1: {r: 0.62513065, g: 0.07843137, b: 1, a: 1}
    key2: {r: 0.62513065, g: 0.07843137, b: 1, a: 0}
    key3: {r: 0.62513065, g: 0.07843137, b: 1, a: 0}
    key4: {r: 0.62513065, g: 0.07843137, b: 1, a: 0}
    key5: {r: 1, g: 0.8209606, b: 0.07843137, a: 0}
    key6: {r: 1, g: 0.8209606, b: 0.07843137, a: 0}
    key7: {r: 0, g: 0, b: 0, a: 0}
    ctime0: 0
    ctime1: 65535
    ctime2: 49151
    ctime3: 49151
    ctime4: 49151
    ctime5: 65342
    ctime6: 64571
    ctime7: 0
    atime0: 0
    atime1: 65535
    atime2: 0
    atime3: 0
    atime4: 0
    atime5: 0
    atime6: 0
    atime7: 0
    m_Mode: 0
    m_NumColorKeys: 2
    m_NumAlphaKeys: 2
  spacing: 0.1
  radius: 0.4
  count: 2
  sprinklePreviewType: 0
--- !u!1 &5509505191135031019
GameObject:
  m_ObjectHideFlags: 0
  m_CorrespondingSourceObject: {fileID: 0}
  m_PrefabInstance: {fileID: 0}
  m_PrefabAsset: {fileID: 0}
  serializedVersion: 6
  m_Component:
  - component: {fileID: 1868853790465835550}
  - component: {fileID: 3979787856404682125}
  - component: {fileID: 2628942837790643157}
  - component: {fileID: 1064664673924522828}
  m_Layer: 8
  m_Name: StrokeManual 1
  m_TagString: Untagged
  m_Icon: {fileID: 0}
  m_NavMeshLayer: 0
  m_StaticEditorFlags: 0
  m_IsActive: 1
--- !u!4 &1868853790465835550
Transform:
  m_ObjectHideFlags: 0
  m_CorrespondingSourceObject: {fileID: 0}
  m_PrefabInstance: {fileID: 0}
  m_PrefabAsset: {fileID: 0}
  m_GameObject: {fileID: 5509505191135031019}
  m_LocalRotation: {x: 0, y: 0, z: 0, w: 1}
  m_LocalPosition: {x: 0, y: 0, z: 0}
  m_LocalScale: {x: 1, y: 1, z: 1}
  m_Children: []
  m_Father: {fileID: 7865741396609969012}
  m_RootOrder: 1
  m_LocalEulerAnglesHint: {x: 0, y: 0, z: 0}
--- !u!114 &3979787856404682125
MonoBehaviour:
  m_ObjectHideFlags: 0
  m_CorrespondingSourceObject: {fileID: 0}
  m_PrefabInstance: {fileID: 0}
  m_PrefabAsset: {fileID: 0}
  m_GameObject: {fileID: 5509505191135031019}
  m_Enabled: 1
  m_EditorHideFlags: 0
  m_Script: {fileID: 11500000, guid: f6202143f93329f4596fcd4f38f4496e, type: 3}
  m_Name: 
  m_EditorClassIdentifier: 
  tip: {fileID: 4760252478746094373, guid: 0499a74804bbbed4083ca126c34374b8, type: 3}
  size:
    serializedVersion: 2
    m_Curve:
    - serializedVersion: 3
      time: 0
      value: 0.1
      inSlope: 0
      outSlope: 0
      tangentMode: 0
      weightedMode: 3
      inWeight: 0
      outWeight: 0
    - serializedVersion: 3
      time: 1
      value: 0.1
      inSlope: 0
      outSlope: 0
      tangentMode: 0
      weightedMode: 3
      inWeight: 0
      outWeight: 0
    m_PreInfinity: 2
    m_PostInfinity: 2
    m_RotationOrder: 4
  twist: 0
--- !u!114 &2628942837790643157
MonoBehaviour:
  m_ObjectHideFlags: 0
  m_CorrespondingSourceObject: {fileID: 0}
  m_PrefabInstance: {fileID: 0}
  m_PrefabAsset: {fileID: 0}
  m_GameObject: {fileID: 5509505191135031019}
  m_Enabled: 1
  m_EditorHideFlags: 0
  m_Script: {fileID: 11500000, guid: c25f2c3c6d52ab744a70ac080b3e3958, type: 3}
  m_Name: 
  m_EditorClassIdentifier: 
  svgPoints:
  - x: -0.12281446579202913
    y: -0.0436107479714626
  - x: -0.1820111893657415
    y: 0.09456489774198812
  - x: -0.2666849878247166
    y: 0.34304125319341305
  - x: -0.25769307483807924
    y: 0.6607553214912436
  - x: -0.2461534607944289
    y: 1.0694375137610563
  - x: -0.0859476454144187
    y: 1.3667699164337759
  - x: -0.0029223688622068006
    y: 1.5
  - x: 0.08145169606722587
    y: 1.3640723396793344
  - x: 0.23955940175187942
    y: 1.06703967410922
  - x: 0.25184833711366567
    y: 0.6607553214912436
  - x: 0.2608402447407086
    y: 0.36207413044130315
  - x: 0.1874063321554358
    y: 0.12528725043870542
  - x: 0.13195624018384333
    y: -0.01363772373900702
  - x: 0.11966730035572842
    y: -0.0256269336106424
  - x: 0.07186032316762947
    y: -0.06938754924014195
  - x: -0.0029223688622068006
    y: -0.07358377220391818
  - x: -0.06241881167320991
    y: -0.07688082316357048
  - x: -0.1061794281959752
    y: -0.05350190085041946
  - x: -0.12281446579202913
    y: -0.0436107479714626
  - x: 0
    y: 0
  - x: 0
    y: 0
  svgCommands: 010000000400000004000000040000000400000004000000040000000400000004000000040000000400000004000000040000000400000004000000040000000400000004000000040000004f00000000000000
  reverse: 0
  offset: 0
--- !u!114 &1064664673924522828
MonoBehaviour:
  m_ObjectHideFlags: 0
  m_CorrespondingSourceObject: {fileID: 0}
  m_PrefabInstance: {fileID: 0}
  m_PrefabAsset: {fileID: 0}
  m_GameObject: {fileID: 5509505191135031019}
  m_Enabled: 1
  m_EditorHideFlags: 0
  m_Script: {fileID: 11500000, guid: 5120595cb07379d488e526d799bc1e6d, type: 3}
  m_Name: 
  m_EditorClassIdentifier: 
  path: {fileID: 2628942837790643157}
  sections:
  - weight: 1
    colors: 00000000
  options:
  - colors:
    - {r: 0.9811321, g: 0.16197933, b: 0.21231861, a: 1}
  - colors:
    - {r: 0.99215686, g: 0.8039216, b: 0, a: 1}
  - colors:
    - {r: 0.45919994, g: 0.82, b: 0.27879998, a: 1}
  brush: {fileID: 3979787856404682125}
  material: {fileID: 2100000, guid: 108036d14a7415f4b95df06c69a79ceb, type: 2}
--- !u!1 &6437800959749183202
GameObject:
  m_ObjectHideFlags: 0
  m_CorrespondingSourceObject: {fileID: 0}
  m_PrefabInstance: {fileID: 0}
  m_PrefabAsset: {fileID: 0}
  serializedVersion: 6
  m_Component:
  - component: {fileID: 7765722785596908215}
  - component: {fileID: 650209576445417360}
  m_Layer: 8
  m_Name: Sprinkles Manual
  m_TagString: Untagged
  m_Icon: {fileID: 0}
  m_NavMeshLayer: 0
  m_StaticEditorFlags: 0
  m_IsActive: 1
--- !u!4 &7765722785596908215
Transform:
  m_ObjectHideFlags: 0
  m_CorrespondingSourceObject: {fileID: 0}
  m_PrefabInstance: {fileID: 0}
  m_PrefabAsset: {fileID: 0}
  m_GameObject: {fileID: 6437800959749183202}
  m_LocalRotation: {x: 0, y: 0, z: 0, w: 1}
  m_LocalPosition: {x: -0.104, y: 0, z: 0}
  m_LocalScale: {x: 1, y: 1, z: 1}
  m_Children:
  - {fileID: 2911546753333706221}
  - {fileID: 7676280673612227504}
  m_Father: {fileID: 7865741396609969012}
  m_RootOrder: 7
  m_LocalEulerAnglesHint: {x: 0, y: 0, z: 0}
--- !u!114 &650209576445417360
MonoBehaviour:
  m_ObjectHideFlags: 0
  m_CorrespondingSourceObject: {fileID: 0}
  m_PrefabInstance: {fileID: 0}
  m_PrefabAsset: {fileID: 0}
  m_GameObject: {fileID: 6437800959749183202}
  m_Enabled: 1
  m_EditorHideFlags: 0
  m_Script: {fileID: 11500000, guid: 2179359cc2a883a438dca2c78b5c9308, type: 3}
  m_Name: 
  m_EditorClassIdentifier: 
  paths:
  - path: {fileID: 6756143895012042158}
    sections:
    - weight: 1
      options: 00000000
    magnet: 0
  options:
  - {fileID: 834998949521905240}
  - {fileID: 4153003634205027358}
  - {fileID: 3967687629870848598}
  physicsEnabled: 1
  bonus: 0
--- !u!1 &6717125471254769277
GameObject:
  m_ObjectHideFlags: 0
  m_CorrespondingSourceObject: {fileID: 0}
  m_PrefabInstance: {fileID: 0}
  m_PrefabAsset: {fileID: 0}
  serializedVersion: 6
  m_Component:
  - component: {fileID: 7864797914411805971}
  m_Layer: 0
  m_Name: previewCameraTransform
  m_TagString: Untagged
  m_Icon: {fileID: 0}
  m_NavMeshLayer: 0
  m_StaticEditorFlags: 0
  m_IsActive: 1
--- !u!4 &7864797914411805971
Transform:
  m_ObjectHideFlags: 0
  m_CorrespondingSourceObject: {fileID: 0}
  m_PrefabInstance: {fileID: 0}
  m_PrefabAsset: {fileID: 0}
  m_GameObject: {fileID: 6717125471254769277}
  m_LocalRotation: {x: 0.5, y: 0, z: 0, w: 0.8660254}
  m_LocalPosition: {x: 0, y: 6.6, z: -3.6}
  m_LocalScale: {x: 1, y: 1, z: 1}
  m_Children: []
  m_Father: {fileID: 9117842822849426105}
  m_RootOrder: 2
  m_LocalEulerAnglesHint: {x: 0, y: 0, z: 0}
--- !u!1 &7306798569150998602
GameObject:
  m_ObjectHideFlags: 0
  m_CorrespondingSourceObject: {fileID: 0}
  m_PrefabInstance: {fileID: 0}
  m_PrefabAsset: {fileID: 0}
  serializedVersion: 6
  m_Component:
  - component: {fileID: 7465277228749764114}
  - component: {fileID: 698088331474934943}
  - component: {fileID: 9092415578471271630}
  - component: {fileID: 4223022486927329726}
  m_Layer: 8
  m_Name: StrokeManual 4
  m_TagString: Untagged
  m_Icon: {fileID: 0}
  m_NavMeshLayer: 0
  m_StaticEditorFlags: 0
  m_IsActive: 1
--- !u!4 &7465277228749764114
Transform:
  m_ObjectHideFlags: 0
  m_CorrespondingSourceObject: {fileID: 0}
  m_PrefabInstance: {fileID: 0}
  m_PrefabAsset: {fileID: 0}
  m_GameObject: {fileID: 7306798569150998602}
  m_LocalRotation: {x: 0, y: 0, z: 0, w: 1}
  m_LocalPosition: {x: 0, y: 0, z: 0}
  m_LocalScale: {x: 1, y: 1, z: 1}
  m_Children: []
  m_Father: {fileID: 7865741396609969012}
  m_RootOrder: 4
  m_LocalEulerAnglesHint: {x: 0, y: 0, z: 0}
--- !u!114 &698088331474934943
MonoBehaviour:
  m_ObjectHideFlags: 0
  m_CorrespondingSourceObject: {fileID: 0}
  m_PrefabInstance: {fileID: 0}
  m_PrefabAsset: {fileID: 0}
  m_GameObject: {fileID: 7306798569150998602}
  m_Enabled: 1
  m_EditorHideFlags: 0
  m_Script: {fileID: 11500000, guid: f6202143f93329f4596fcd4f38f4496e, type: 3}
  m_Name: 
  m_EditorClassIdentifier: 
  tip: {fileID: 4760252478746094373, guid: 0499a74804bbbed4083ca126c34374b8, type: 3}
  size:
    serializedVersion: 2
    m_Curve:
    - serializedVersion: 3
      time: 0
      value: 0.1
      inSlope: 0
      outSlope: 0
      tangentMode: 0
      weightedMode: 3
      inWeight: 0
      outWeight: 0
    - serializedVersion: 3
      time: 1
      value: 0.1
      inSlope: 0
      outSlope: 0
      tangentMode: 0
      weightedMode: 3
      inWeight: 0
      outWeight: 0
    m_PreInfinity: 2
    m_PostInfinity: 2
    m_RotationOrder: 4
  twist: 0
--- !u!114 &9092415578471271630
MonoBehaviour:
  m_ObjectHideFlags: 0
  m_CorrespondingSourceObject: {fileID: 0}
  m_PrefabInstance: {fileID: 0}
  m_PrefabAsset: {fileID: 0}
  m_GameObject: {fileID: 7306798569150998602}
  m_Enabled: 1
  m_EditorHideFlags: 0
  m_Script: {fileID: 11500000, guid: c25f2c3c6d52ab744a70ac080b3e3958, type: 3}
  m_Name: 
  m_EditorClassIdentifier: 
  svgPoints:
  - x: -0.13780097790825693
    y: 1.1253371399252983
  - x: -0.10827754861052062
    y: 1.1128983351189436
  - x: -0.06166949750119988
    y: 1.0976120921529706
  - x: -0.0029223688622068006
    y: 1.0953641156928429
  - x: 0.07156059321114995
    y: 1.0925166784264901
  - x: 0.12970826908330985
    y: 1.1118492793779997
  - x: 0.1619292644162989
    y: 1.1253371399252983
  - x: 40.5
    y: 25.950000762939453
  svgCommands: 0100000004000000040000000400000004000000040000000400000000000000
  reverse: 0
  offset: 0
--- !u!114 &4223022486927329726
MonoBehaviour:
  m_ObjectHideFlags: 0
  m_CorrespondingSourceObject: {fileID: 0}
  m_PrefabInstance: {fileID: 0}
  m_PrefabAsset: {fileID: 0}
  m_GameObject: {fileID: 7306798569150998602}
  m_Enabled: 1
  m_EditorHideFlags: 0
  m_Script: {fileID: 11500000, guid: 5120595cb07379d488e526d799bc1e6d, type: 3}
  m_Name: 
  m_EditorClassIdentifier: 
  path: {fileID: 9092415578471271630}
  sections:
  - weight: 1
    colors: 00000000
  options:
  - colors:
    - {r: 0.9811321, g: 0.16197933, b: 0.21231861, a: 1}
  - colors:
    - {r: 0.99215686, g: 0.8039216, b: 0, a: 1}
  - colors:
    - {r: 0.45919994, g: 0.82, b: 0.27879998, a: 1}
  brush: {fileID: 698088331474934943}
  material: {fileID: 2100000, guid: 108036d14a7415f4b95df06c69a79ceb, type: 2}
--- !u!1 &7959058032737213931
GameObject:
  m_ObjectHideFlags: 0
  m_CorrespondingSourceObject: {fileID: 0}
  m_PrefabInstance: {fileID: 0}
  m_PrefabAsset: {fileID: 0}
  serializedVersion: 6
  m_Component:
  - component: {fileID: 3088593134875146848}
  - component: {fileID: 3316112941154475842}
  - component: {fileID: 5014308575354224705}
  - component: {fileID: 4773246340939978377}
  m_Layer: 8
  m_Name: StrokeManual 3
  m_TagString: Untagged
  m_Icon: {fileID: 0}
  m_NavMeshLayer: 0
  m_StaticEditorFlags: 0
  m_IsActive: 1
--- !u!4 &3088593134875146848
Transform:
  m_ObjectHideFlags: 0
  m_CorrespondingSourceObject: {fileID: 0}
  m_PrefabInstance: {fileID: 0}
  m_PrefabAsset: {fileID: 0}
  m_GameObject: {fileID: 7959058032737213931}
  m_LocalRotation: {x: 0, y: 0, z: 0, w: 1}
  m_LocalPosition: {x: 0, y: 0, z: 0}
  m_LocalScale: {x: 1, y: 1, z: 1}
  m_Children: []
  m_Father: {fileID: 7865741396609969012}
  m_RootOrder: 3
  m_LocalEulerAnglesHint: {x: 0, y: 0, z: 0}
--- !u!114 &3316112941154475842
MonoBehaviour:
  m_ObjectHideFlags: 0
  m_CorrespondingSourceObject: {fileID: 0}
  m_PrefabInstance: {fileID: 0}
  m_PrefabAsset: {fileID: 0}
  m_GameObject: {fileID: 7959058032737213931}
  m_Enabled: 1
  m_EditorHideFlags: 0
  m_Script: {fileID: 11500000, guid: f6202143f93329f4596fcd4f38f4496e, type: 3}
  m_Name: 
  m_EditorClassIdentifier: 
  tip: {fileID: 4760252478746094373, guid: 0499a74804bbbed4083ca126c34374b8, type: 3}
  size:
    serializedVersion: 2
    m_Curve:
    - serializedVersion: 3
      time: 0
      value: 0.1
      inSlope: 0
      outSlope: 0
      tangentMode: 0
      weightedMode: 3
      inWeight: 0
      outWeight: 0
    - serializedVersion: 3
      time: 1
      value: 0.1
      inSlope: 0
      outSlope: 0
      tangentMode: 0
      weightedMode: 3
      inWeight: 0
      outWeight: 0
    m_PreInfinity: 2
    m_PostInfinity: 2
    m_RotationOrder: 4
  twist: 0
--- !u!114 &5014308575354224705
MonoBehaviour:
  m_ObjectHideFlags: 0
  m_CorrespondingSourceObject: {fileID: 0}
  m_PrefabInstance: {fileID: 0}
  m_PrefabAsset: {fileID: 0}
  m_GameObject: {fileID: 7959058032737213931}
  m_Enabled: 1
  m_EditorHideFlags: 0
  m_Script: {fileID: 11500000, guid: c25f2c3c6d52ab744a70ac080b3e3958, type: 3}
  m_Name: 
  m_EditorClassIdentifier: 
  svgPoints:
  - x: -0.20494054532867662
    y: 0.1512139095394987
  - x: -0.22727044852477854
    y: 0.13278049935069347
  - x: -0.25664401284427507
    y: 0.10370666498767646
  - x: -0.27987310590981557
    y: 0.06129483684213194
  - x: -0.33292535822957187
    y: -0.035518032000389665
  - x: -0.31659006130918627
    y: -0.13218103229160857
  - x: -0.30984613014227114
    y: -0.16350284490128494
  - x: -0.32977819190000546
    y: -0.16350284490128494
  - x: -0.3498601186359795
    y: -0.16350284490128494
  - x: -0.36979217860718233
    y: -0.16350284490128494
  - x: -0.382680579241522
    y: -0.1140473556323458
  - x: -0.39961533786139813
    y: -0.041962236783888156
  - x: -0.4147517149558657
    y: 0.04630832472590415
  - x: -0.4354331016047988
    y: 0.16769907858424993
  - x: -0.4456239290577598
    y: 0.22959336104708922
  - x: -0.42973822707209347
    y: 0.2860925185855488
  - x: -0.42014685953209147
    y: 0.32011190080354085
  - x: -0.38852531875246704
    y: 0.4064342068770275
  - x: -0.2648865937935878
    y: 0.48091717609651013
  - x: 12.020000457763672
    y: 68.94999694824219
  svgCommands: 0100000004000000040000000400000004000000040000000400000004000000040000000400000004000000040000000400000004000000040000000400000004000000040000000400000000000000
  reverse: 0
  offset: 0
--- !u!114 &4773246340939978377
MonoBehaviour:
  m_ObjectHideFlags: 0
  m_CorrespondingSourceObject: {fileID: 0}
  m_PrefabInstance: {fileID: 0}
  m_PrefabAsset: {fileID: 0}
  m_GameObject: {fileID: 7959058032737213931}
  m_Enabled: 1
  m_EditorHideFlags: 0
  m_Script: {fileID: 11500000, guid: 5120595cb07379d488e526d799bc1e6d, type: 3}
  m_Name: 
  m_EditorClassIdentifier: 
  path: {fileID: 5014308575354224705}
  sections:
  - weight: 1
    colors: 00000000
  options:
  - colors:
    - {r: 0.9811321, g: 0.16197933, b: 0.21231861, a: 1}
  - colors:
    - {r: 0.99215686, g: 0.8039216, b: 0, a: 1}
  - colors:
    - {r: 0.45919994, g: 0.82, b: 0.27879998, a: 1}
  brush: {fileID: 3316112941154475842}
  material: {fileID: 2100000, guid: 108036d14a7415f4b95df06c69a79ceb, type: 2}
--- !u!1 &9129950083689619369
GameObject:
  m_ObjectHideFlags: 0
  m_CorrespondingSourceObject: {fileID: 0}
  m_PrefabInstance: {fileID: 0}
  m_PrefabAsset: {fileID: 0}
  serializedVersion: 6
  m_Component:
  - component: {fileID: 9139865891231216972}
  - component: {fileID: 459049921561418388}
  - component: {fileID: 7265264635824181186}
  - component: {fileID: 3188597733776561969}
  m_Layer: 8
  m_Name: StrokeManual 6
  m_TagString: Untagged
  m_Icon: {fileID: 0}
  m_NavMeshLayer: 0
  m_StaticEditorFlags: 0
  m_IsActive: 1
--- !u!4 &9139865891231216972
Transform:
  m_ObjectHideFlags: 0
  m_CorrespondingSourceObject: {fileID: 0}
  m_PrefabInstance: {fileID: 0}
  m_PrefabAsset: {fileID: 0}
  m_GameObject: {fileID: 9129950083689619369}
  m_LocalRotation: {x: 0, y: 0, z: 0, w: 1}
  m_LocalPosition: {x: 0, y: 0, z: 0}
  m_LocalScale: {x: 1, y: 1, z: 1}
  m_Children: []
  m_Father: {fileID: 7865741396609969012}
  m_RootOrder: 6
  m_LocalEulerAnglesHint: {x: 0, y: 0, z: 0}
--- !u!114 &459049921561418388
MonoBehaviour:
  m_ObjectHideFlags: 0
  m_CorrespondingSourceObject: {fileID: 0}
  m_PrefabInstance: {fileID: 0}
  m_PrefabAsset: {fileID: 0}
  m_GameObject: {fileID: 9129950083689619369}
  m_Enabled: 1
  m_EditorHideFlags: 0
  m_Script: {fileID: 11500000, guid: f6202143f93329f4596fcd4f38f4496e, type: 3}
  m_Name: 
  m_EditorClassIdentifier: 
  tip: {fileID: 4760252478746094373, guid: 0499a74804bbbed4083ca126c34374b8, type: 3}
  size:
    serializedVersion: 2
    m_Curve:
    - serializedVersion: 3
      time: 0
      value: 0.1
      inSlope: 0
      outSlope: 0
      tangentMode: 0
      weightedMode: 3
      inWeight: 0
      outWeight: 0
    - serializedVersion: 3
      time: 1
      value: 0.1
      inSlope: 0
      outSlope: 0
      tangentMode: 0
      weightedMode: 3
      inWeight: 0
      outWeight: 0
    m_PreInfinity: 2
    m_PostInfinity: 2
    m_RotationOrder: 4
  twist: 0
--- !u!114 &7265264635824181186
MonoBehaviour:
  m_ObjectHideFlags: 0
  m_CorrespondingSourceObject: {fileID: 0}
  m_PrefabInstance: {fileID: 0}
  m_PrefabAsset: {fileID: 0}
  m_GameObject: {fileID: 9129950083689619369}
  m_Enabled: 1
  m_EditorHideFlags: 0
  m_Script: {fileID: 11500000, guid: c25f2c3c6d52ab744a70ac080b3e3958, type: 3}
  m_Name: 
  m_EditorClassIdentifier: 
  svgPoints:
  - x: -0.017908880978434592
    y: 0.9604855066467927
  - x: -0.09209211309531182
    y: 0.9465480502715089
  - x: -0.14199719729897023
    y: 0.8704165653981232
  - x: -0.13780097790825693
    y: 0.795633873368287
  - x: -0.13360475449784784
    y: 0.7220501011643687
  - x: -0.07725546953038671
    y: 0.6526625483511639
  - x: -0.0029223688622068006
    y: 0.645768752206009
  - x: 0.08459886418332377
    y: 0.6376760353416704
  - x: 0.16582576099665855
    y: 0.7193525244099273
  - x: 0.1619292644162989
    y: 0.8106203854845148
  - x: 0.15788289928463659
    y: 0.902487720764313
  - x: 0.06886303789508595
    y: 0.9769707042760473
  - x: -0.017908880978434592
    y: 0.9604855066467927
  - x: 0
    y: 0
  - x: 0
    y: 0
  svgCommands: 010000000400000004000000040000000400000004000000040000000400000004000000040000000400000004000000040000004f00000000000000
  reverse: 0
  offset: 0
--- !u!114 &3188597733776561969
MonoBehaviour:
  m_ObjectHideFlags: 0
  m_CorrespondingSourceObject: {fileID: 0}
  m_PrefabInstance: {fileID: 0}
  m_PrefabAsset: {fileID: 0}
  m_GameObject: {fileID: 9129950083689619369}
  m_Enabled: 1
  m_EditorHideFlags: 0
  m_Script: {fileID: 11500000, guid: 5120595cb07379d488e526d799bc1e6d, type: 3}
  m_Name: 
  m_EditorClassIdentifier: 
  path: {fileID: 7265264635824181186}
  sections:
  - weight: 1
    colors: 01000000
  options:
  - colors:
    - {r: 0.9811321, g: 0.16197933, b: 0.21231861, a: 1}
  - colors:
    - {r: 0.99215686, g: 0.8039216, b: 0, a: 1}
  - colors:
    - {r: 0.45919994, g: 0.82, b: 0.27879998, a: 1}
  brush: {fileID: 459049921561418388}
  material: {fileID: 2100000, guid: 108036d14a7415f4b95df06c69a79ceb, type: 2}
--- !u!1 &9152952583334938449
GameObject:
  m_ObjectHideFlags: 0
  m_CorrespondingSourceObject: {fileID: 0}
  m_PrefabInstance: {fileID: 0}
  m_PrefabAsset: {fileID: 0}
  serializedVersion: 6
  m_Component:
  - component: {fileID: 5075315497865784864}
  - component: {fileID: 7849451627904842375}
  - component: {fileID: 5056727970181885384}
  - component: {fileID: 7352211553623249506}
  m_Layer: 8
  m_Name: StrokeManual 5
  m_TagString: Untagged
  m_Icon: {fileID: 0}
  m_NavMeshLayer: 0
  m_StaticEditorFlags: 0
  m_IsActive: 1
--- !u!4 &5075315497865784864
Transform:
  m_ObjectHideFlags: 0
  m_CorrespondingSourceObject: {fileID: 0}
  m_PrefabInstance: {fileID: 0}
  m_PrefabAsset: {fileID: 0}
  m_GameObject: {fileID: 9152952583334938449}
  m_LocalRotation: {x: 0, y: 0, z: 0, w: 1}
  m_LocalPosition: {x: 0, y: 0, z: 0}
  m_LocalScale: {x: 1, y: 1, z: 1}
  m_Children: []
  m_Father: {fileID: 7865741396609969012}
  m_RootOrder: 5
  m_LocalEulerAnglesHint: {x: 0, y: 0, z: 0}
--- !u!114 &7849451627904842375
MonoBehaviour:
  m_ObjectHideFlags: 0
  m_CorrespondingSourceObject: {fileID: 0}
  m_PrefabInstance: {fileID: 0}
  m_PrefabAsset: {fileID: 0}
  m_GameObject: {fileID: 9152952583334938449}
  m_Enabled: 1
  m_EditorHideFlags: 0
  m_Script: {fileID: 11500000, guid: f6202143f93329f4596fcd4f38f4496e, type: 3}
  m_Name: 
  m_EditorClassIdentifier: 
  tip: {fileID: 4760252478746094373, guid: 0499a74804bbbed4083ca126c34374b8, type: 3}
  size:
    serializedVersion: 2
    m_Curve:
    - serializedVersion: 3
      time: 0
      value: 0.1
      inSlope: 0
      outSlope: 0
      tangentMode: 0
      weightedMode: 3
      inWeight: 0
      outWeight: 0
    - serializedVersion: 3
      time: 1
      value: 0.1
      inSlope: 0
      outSlope: 0
      tangentMode: 0
      weightedMode: 3
      inWeight: 0
      outWeight: 0
    m_PreInfinity: 2
    m_PostInfinity: 2
    m_RotationOrder: 4
  twist: 0
--- !u!114 &5056727970181885384
MonoBehaviour:
  m_ObjectHideFlags: 0
  m_CorrespondingSourceObject: {fileID: 0}
  m_PrefabInstance: {fileID: 0}
  m_PrefabAsset: {fileID: 0}
  m_GameObject: {fileID: 9152952583334938449}
  m_Enabled: 1
  m_EditorHideFlags: 0
  m_Script: {fileID: 11500000, guid: c25f2c3c6d52ab744a70ac080b3e3958, type: 3}
  m_Name: 
  m_EditorClassIdentifier: 
  svgPoints:
  - x: -0.1827605142569403
    y: 0.1212408853070431
  - x: -0.13914976271241478
    y: 0.11105005696081632
  - x: -0.07710560097908403
    y: 0.10145868852754858
  - x: -0.0029223688622068006
    y: 0.10625437319081532
  - x: 0.08085223615426683
    y: 0.1116495177670411
  - x: 0.14784194931563552
    y: 0.133080229307173
  - x: 0.1919022886487545
    y: 0.1512139095394987
  - x: 42.5
    y: 90.94999694824219
  svgCommands: 0100000004000000040000000400000004000000040000000400000000000000
  reverse: 0
  offset: 0
--- !u!114 &7352211553623249506
MonoBehaviour:
  m_ObjectHideFlags: 0
  m_CorrespondingSourceObject: {fileID: 0}
  m_PrefabInstance: {fileID: 0}
  m_PrefabAsset: {fileID: 0}
  m_GameObject: {fileID: 9152952583334938449}
  m_Enabled: 1
  m_EditorHideFlags: 0
  m_Script: {fileID: 11500000, guid: 5120595cb07379d488e526d799bc1e6d, type: 3}
  m_Name: 
  m_EditorClassIdentifier: 
  path: {fileID: 5056727970181885384}
  sections:
  - weight: 1
    colors: 00000000
  options:
  - colors:
    - {r: 0.9811321, g: 0.16197933, b: 0.21231861, a: 1}
  - colors:
    - {r: 0.99215686, g: 0.8039216, b: 0, a: 1}
  - colors:
    - {r: 0.45919994, g: 0.82, b: 0.27879998, a: 1}
  brush: {fileID: 7849451627904842375}
  material: {fileID: 2100000, guid: 108036d14a7415f4b95df06c69a79ceb, type: 2}
--- !u!1001 &8396679728388032635
PrefabInstance:
  m_ObjectHideFlags: 0
  serializedVersion: 2
  m_Modification:
    m_TransformParent: {fileID: 9117842822849426105}
    m_Modifications:
    - target: {fileID: 794801451098536653, guid: e59787b2cde738543a19b0a68286a136,
        type: 3}
      propertyPath: diskColor.b
      value: 0.5568628
      objectReference: {fileID: 0}
    - target: {fileID: 794801451098536653, guid: e59787b2cde738543a19b0a68286a136,
        type: 3}
      propertyPath: diskColor.g
      value: 0.5647059
      objectReference: {fileID: 0}
    - target: {fileID: 794801451098536653, guid: e59787b2cde738543a19b0a68286a136,
        type: 3}
      propertyPath: diskColor.r
      value: 1
      objectReference: {fileID: 0}
    - target: {fileID: 794801451098536653, guid: e59787b2cde738543a19b0a68286a136,
        type: 3}
      propertyPath: toppingColor.b
      value: 0.9056604
      objectReference: {fileID: 0}
    - target: {fileID: 794801451098536653, guid: e59787b2cde738543a19b0a68286a136,
        type: 3}
      propertyPath: toppingColor.g
      value: 0.6412109
      objectReference: {fileID: 0}
    - target: {fileID: 794801451098536653, guid: e59787b2cde738543a19b0a68286a136,
        type: 3}
      propertyPath: toppingColor.r
      value: 0.47419012
      objectReference: {fileID: 0}
    - target: {fileID: 1341202605574904496, guid: e59787b2cde738543a19b0a68286a136,
        type: 3}
      propertyPath: m_Name
      value: CircleLRounded
      objectReference: {fileID: 0}
    - target: {fileID: 3474564350304943866, guid: e59787b2cde738543a19b0a68286a136,
        type: 3}
      propertyPath: m_RootOrder
      value: 9
      objectReference: {fileID: 0}
    - target: {fileID: 4357451634405699906, guid: e59787b2cde738543a19b0a68286a136,
        type: 3}
      propertyPath: m_RootOrder
      value: 8
      objectReference: {fileID: 0}
    - target: {fileID: 6955690194484411392, guid: e59787b2cde738543a19b0a68286a136,
        type: 3}
      propertyPath: m_RootOrder
      value: 0
      objectReference: {fileID: 0}
    - target: {fileID: 6955690194484411392, guid: e59787b2cde738543a19b0a68286a136,
        type: 3}
      propertyPath: m_LocalEulerAnglesHint.x
      value: 0
      objectReference: {fileID: 0}
    - target: {fileID: 6955690194484411392, guid: e59787b2cde738543a19b0a68286a136,
        type: 3}
      propertyPath: m_LocalEulerAnglesHint.y
      value: 0
      objectReference: {fileID: 0}
    - target: {fileID: 6955690194484411392, guid: e59787b2cde738543a19b0a68286a136,
        type: 3}
      propertyPath: m_LocalEulerAnglesHint.z
      value: 0
      objectReference: {fileID: 0}
    m_RemovedComponents: []
  m_SourcePrefab: {fileID: 100100000, guid: e59787b2cde738543a19b0a68286a136, type: 3}
--- !u!4 &7865741396609969012 stripped
Transform:
  m_CorrespondingSourceObject: {fileID: 1850493022598292239, guid: e59787b2cde738543a19b0a68286a136,
    type: 3}
  m_PrefabInstance: {fileID: 8396679728388032635}
  m_PrefabAsset: {fileID: 0}
--- !u!114 &9187708332876214966 stripped
MonoBehaviour:
  m_CorrespondingSourceObject: {fileID: 794801451098536653, guid: e59787b2cde738543a19b0a68286a136,
    type: 3}
  m_PrefabInstance: {fileID: 8396679728388032635}
  m_PrefabAsset: {fileID: 0}
  m_GameObject: {fileID: 0}
  m_Enabled: 0
  m_EditorHideFlags: 0
  m_Script: {fileID: 11500000, guid: d931adf55ff26eb4dab04b81b53ef544, type: 3}
  m_Name: 
  m_EditorClassIdentifier: 
--- !u!4 &1441553033902421115 stripped
Transform:
  m_CorrespondingSourceObject: {fileID: 6955690194484411392, guid: e59787b2cde738543a19b0a68286a136,
    type: 3}
  m_PrefabInstance: {fileID: 8396679728388032635}
  m_PrefabAsset: {fileID: 0}
