%YAML 1.1
%TAG !u! tag:unity3d.com,2011:
--- !u!1 &278648141665911128
GameObject:
  m_ObjectHideFlags: 0
  m_CorrespondingSourceObject: {fileID: 0}
  m_PrefabInstance: {fileID: 0}
  m_PrefabAsset: {fileID: 0}
  serializedVersion: 6
  m_Component:
  - component: {fileID: 4468195741027556731}
  m_Layer: 0
  m_Name: previewCameraTransform
  m_TagString: Untagged
  m_Icon: {fileID: 0}
  m_NavMeshLayer: 0
  m_StaticEditorFlags: 0
  m_IsActive: 1
--- !u!4 &4468195741027556731
Transform:
  m_ObjectHideFlags: 0
  m_CorrespondingSourceObject: {fileID: 0}
  m_PrefabInstance: {fileID: 0}
  m_PrefabAsset: {fileID: 0}
  m_GameObject: {fileID: 278648141665911128}
  m_LocalRotation: {x: 0.5, y: 0, z: 0, w: 0.8660254}
  m_LocalPosition: {x: 0, y: 6.6, z: -3.6}
  m_LocalScale: {x: 1, y: 1, z: 1}
  m_Children: []
  m_Father: {fileID: 8937758404625793765}
  m_RootOrder: 2
  m_LocalEulerAnglesHint: {x: 0, y: 0, z: 0}
--- !u!1 &467842225273158874
GameObject:
  m_ObjectHideFlags: 0
  m_CorrespondingSourceObject: {fileID: 0}
  m_PrefabInstance: {fileID: 0}
  m_PrefabAsset: {fileID: 0}
  serializedVersion: 6
  m_Component:
  - component: {fileID: 8937758404625793765}
  - component: {fileID: 674244573090976949}
  m_Layer: 0
  m_Name: fill_tra_005
  m_TagString: Untagged
  m_Icon: {fileID: 0}
  m_NavMeshLayer: 0
  m_StaticEditorFlags: 0
  m_IsActive: 1
--- !u!4 &8937758404625793765
Transform:
  m_ObjectHideFlags: 0
  m_CorrespondingSourceObject: {fileID: 0}
  m_PrefabInstance: {fileID: 0}
  m_PrefabAsset: {fileID: 0}
  m_GameObject: {fileID: 467842225273158874}
  m_LocalRotation: {x: 0, y: 0, z: 0, w: 1}
  m_LocalPosition: {x: 0, y: 0, z: 0}
  m_LocalScale: {x: 1, y: 1, z: 1}
  m_Children:
  - {fileID: 1721050516334243194}
  - {fileID: 1414161158377246777}
  - {fileID: 4468195741027556731}
  m_Father: {fileID: 0}
  m_RootOrder: 0
  m_LocalEulerAnglesHint: {x: 0, y: 0, z: 0}
--- !u!114 &674244573090976949
MonoBehaviour:
  m_ObjectHideFlags: 0
  m_CorrespondingSourceObject: {fileID: 0}
  m_PrefabInstance: {fileID: 0}
  m_PrefabAsset: {fileID: 0}
  m_GameObject: {fileID: 467842225273158874}
  m_Enabled: 1
  m_EditorHideFlags: 0
  m_Script: {fileID: 11500000, guid: f522867c3f9eb3e4bb325c968c25314e, type: 3}
  m_Name: 
  m_EditorClassIdentifier: 
  layers:
  - {fileID: 8962803754537757623}
  backgroundColor: {r: 1, g: 0.514151, b: 0.7722583, a: 1}
  glitterStroke: 0
  glitterCake: 0
  newPreview: 0
  strokeRate: 0.5
  sprinkleRate: 0.5
  diskColor: {r: 0.7122642, g: 1, b: 0.9040881, a: 1}
  type: 0
  previewCameraTransform: {fileID: 4468195741027556731}
  previewCameraSize: 1.7
  finishCameraTransform: {fileID: 1414161158377246777}
  previewScale: 1
  specialStroke: 0
  specialFill: 0
--- !u!1 &896212946724732892
GameObject:
  m_ObjectHideFlags: 0
  m_CorrespondingSourceObject: {fileID: 0}
  m_PrefabInstance: {fileID: 0}
  m_PrefabAsset: {fileID: 0}
  serializedVersion: 6
  m_Component:
  - component: {fileID: 467245913579673589}
  - component: {fileID: 7644862931515913185}
  m_Layer: 17
  m_Name: EditorPreview
  m_TagString: Untagged
  m_Icon: {fileID: 0}
  m_NavMeshLayer: 0
  m_StaticEditorFlags: 0
  m_IsActive: 1
--- !u!4 &467245913579673589
Transform:
  m_ObjectHideFlags: 0
  m_CorrespondingSourceObject: {fileID: 0}
  m_PrefabInstance: {fileID: 0}
  m_PrefabAsset: {fileID: 0}
  m_GameObject: {fileID: 896212946724732892}
  m_LocalRotation: {x: -0, y: -0, z: -0, w: 1}
  m_LocalPosition: {x: 0, y: 0, z: -0.001}
  m_LocalScale: {x: 3.735, y: 3.735, z: 1.1}
  m_Children: []
  m_Father: {fileID: 5999752059901700823}
  m_RootOrder: 1
  m_LocalEulerAnglesHint: {x: 0, y: 0, z: 0}
--- !u!212 &7644862931515913185
SpriteRenderer:
  m_ObjectHideFlags: 0
  m_CorrespondingSourceObject: {fileID: 0}
  m_PrefabInstance: {fileID: 0}
  m_PrefabAsset: {fileID: 0}
  m_GameObject: {fileID: 896212946724732892}
  m_Enabled: 1
  m_CastShadows: 0
  m_ReceiveShadows: 0
  m_DynamicOccludee: 1
  m_MotionVectors: 1
  m_LightProbeUsage: 1
  m_ReflectionProbeUsage: 1
  m_RayTracingMode: 0
  m_RayTraceProcedural: 0
  m_RenderingLayerMask: 1
  m_RendererPriority: 0
  m_Materials:
  - {fileID: 10754, guid: 0000000000000000f000000000000000, type: 0}
  m_StaticBatchInfo:
    firstSubMesh: 0
    subMeshCount: 0
  m_StaticBatchRoot: {fileID: 0}
  m_ProbeAnchor: {fileID: 0}
  m_LightProbeVolumeOverride: {fileID: 0}
  m_ScaleInLightmap: 1
  m_ReceiveGI: 1
  m_PreserveUVs: 0
  m_IgnoreNormalsForChartDetection: 0
  m_ImportantGI: 0
  m_StitchLightmapSeams: 0
  m_SelectedEditorRenderState: 0
  m_MinimumChartSize: 4
  m_AutoUVMaxDistance: 0.5
  m_AutoUVMaxAngle: 89
  m_LightmapParameters: {fileID: 0}
  m_SortingLayerID: 0
  m_SortingLayer: 0
  m_SortingOrder: 0
  m_Sprite: {fileID: 0}
  m_Color: {r: 1, g: 0.8588236, b: 0.227451, a: 1}
  m_FlipX: 0
  m_FlipY: 0
  m_DrawMode: 0
  m_Size: {x: 1, y: 1}
  m_AdaptiveModeThreshold: 0.5
  m_SpriteTileMode: 0
  m_WasSpriteAssigned: 0
  m_MaskInteraction: 0
  m_SpriteSortPoint: 0
--- !u!1 &1388678337799601703
GameObject:
  m_ObjectHideFlags: 0
  m_CorrespondingSourceObject: {fileID: 0}
  m_PrefabInstance: {fileID: 0}
  m_PrefabAsset: {fileID: 0}
  serializedVersion: 6
  m_Component:
  - component: {fileID: 1414161158377246777}
  m_Layer: 0
  m_Name: finishCameraTransform
  m_TagString: Untagged
  m_Icon: {fileID: 0}
  m_NavMeshLayer: 0
  m_StaticEditorFlags: 0
  m_IsActive: 1
--- !u!4 &1414161158377246777
Transform:
  m_ObjectHideFlags: 0
  m_CorrespondingSourceObject: {fileID: 0}
  m_PrefabInstance: {fileID: 0}
  m_PrefabAsset: {fileID: 0}
  m_GameObject: {fileID: 1388678337799601703}
  m_LocalRotation: {x: 0.5, y: 0, z: 0, w: 0.8660254}
  m_LocalPosition: {x: 0, y: 6.6, z: -3.6}
  m_LocalScale: {x: 1, y: 1, z: 1}
  m_Children: []
  m_Father: {fileID: 8937758404625793765}
  m_RootOrder: 1
  m_LocalEulerAnglesHint: {x: 0, y: 0, z: 0}
--- !u!1 &1402171041665088183
GameObject:
  m_ObjectHideFlags: 0
  m_CorrespondingSourceObject: {fileID: 0}
  m_PrefabInstance: {fileID: 0}
  m_PrefabAsset: {fileID: 0}
  serializedVersion: 6
  m_Component:
  - component: {fileID: 2084726272332504256}
  - component: {fileID: 5868331199382192805}
  - component: {fileID: 673503289127401274}
  - component: {fileID: 6470472637884404483}
  m_Layer: 8
  m_Name: StrokeManual 3
  m_TagString: Untagged
  m_Icon: {fileID: 0}
  m_NavMeshLayer: 0
  m_StaticEditorFlags: 0
  m_IsActive: 1
--- !u!4 &2084726272332504256
Transform:
  m_ObjectHideFlags: 0
  m_CorrespondingSourceObject: {fileID: 0}
  m_PrefabInstance: {fileID: 0}
  m_PrefabAsset: {fileID: 0}
  m_GameObject: {fileID: 1402171041665088183}
  m_LocalRotation: {x: 0, y: 0, z: 0, w: 1}
  m_LocalPosition: {x: 0, y: 0, z: 0}
  m_LocalScale: {x: 1, y: 1, z: 1}
  m_Children: []
  m_Father: {fileID: 7983669017027850869}
  m_RootOrder: 4
  m_LocalEulerAnglesHint: {x: 0, y: 0, z: 0}
--- !u!114 &5868331199382192805
MonoBehaviour:
  m_ObjectHideFlags: 0
  m_CorrespondingSourceObject: {fileID: 0}
  m_PrefabInstance: {fileID: 0}
  m_PrefabAsset: {fileID: 0}
  m_GameObject: {fileID: 1402171041665088183}
  m_Enabled: 1
  m_EditorHideFlags: 0
  m_Script: {fileID: 11500000, guid: f6202143f93329f4596fcd4f38f4496e, type: 3}
  m_Name: 
  m_EditorClassIdentifier: 
  tip: {fileID: 4760252478746094373, guid: 0499a74804bbbed4083ca126c34374b8, type: 3}
  size:
    serializedVersion: 2
    m_Curve:
    - serializedVersion: 3
      time: 0
      value: 0.2
      inSlope: 0
      outSlope: 0
      tangentMode: 0
      weightedMode: 3
      inWeight: 0
      outWeight: 0
    - serializedVersion: 3
      time: 1
      value: 0.2
      inSlope: 0
      outSlope: 0
      tangentMode: 0
      weightedMode: 3
      inWeight: 0
      outWeight: 0
    m_PreInfinity: 2
    m_PostInfinity: 2
    m_RotationOrder: 4
  twist: 0
--- !u!114 &673503289127401274
MonoBehaviour:
  m_ObjectHideFlags: 0
  m_CorrespondingSourceObject: {fileID: 0}
  m_PrefabInstance: {fileID: 0}
  m_PrefabAsset: {fileID: 0}
  m_GameObject: {fileID: 1402171041665088183}
  m_Enabled: 1
  m_EditorHideFlags: 0
  m_Script: {fileID: 11500000, guid: c25f2c3c6d52ab744a70ac080b3e3958, type: 3}
  m_Name: 
  m_EditorClassIdentifier: 
  svgPoints:
  - x: 0.5009293203621038
    y: 0.21034907057777402
  - x: 0.4991692827774692
    y: 0.1689164155429313
  - x: 0.4939018511346945
    y: 0.12778228373704148
  - x: 0.48516497739946823
    y: 0.08724304752235298
  - x: 0.4730216109472579
    y: 0.04759079302474641
  - x: 0.4575592450116161
    y: 0.00911121564650727
  - x: 0.43888928629342866
    y: -0.027918438375597925
  - x: 0.4171462522730815
    y: -0.06323136953580626
  - x: 0.392486802008931
    y: -0.09657314735591538
  - x: 0.3650886074052008
    y: -0.12770354356270552
  - x: 0.3351490730818391
    y: -0.1563982629381559
  - x: 0.30288391406970816
    y: -0.18245055937162827
  - x: 0.2685256015788451
    y: -0.20567272547033272
  - x: 0.23232168803806555
    y: -0.22589744499539297
  - x: 0.1945330234740412
    y: -0.24297899837918266
  - x: 0.1554318760808813
    y: -0.2567943126381491
  - x: 0.11529997052155427
    y: -0.267243848116479
  - x: 0.0744264580952356
    y: -0.27425231567159997
  - x: 0.033105833395571146
    y: -0.2777692191341793
  - x: -0.008364187529617555
    y: -0.2777692191341793
  - x: -0.04968481222928201
    y: -0.27425231567159997
  - x: -0.09055832465560049
    y: -0.267243848116479
  - x: -0.1306902302149275
    y: -0.2567943126381491
  - x: -0.1697913776080874
    y: -0.24297899837918266
  - x: -0.20758004217211176
    y: -0.22589744499539297
  - x: -0.2437839557128915
    y: -0.20567272547033272
  - x: -0.27814226820375454
    y: -0.18245055937162827
  - x: -0.3104074272158855
    y: -0.1563982629381559
  - x: -0.3403469615392472
    y: -0.12770354356270552
  - x: -0.36774515614297737
    y: -0.09657314735591538
  - x: -0.3924046064071277
    y: -0.06323136953580626
  - x: -0.41414764042747504
    y: -0.027918438375597925
  - x: -0.43281759914566253
    y: 0.00911121564650727
  - x: -0.44827996508130413
    y: 0.04759079302474641
  - x: -0.4604233315335146
    y: 0.08724304752235298
  - x: -0.4691602052687409
    y: 0.12778228373704148
  - x: -0.4744276369115156
    y: 0.1689164155429313
  - x: -0.4761876744961502
    y: 0.21034907057777402
  - x: -0.4744276369115156
    y: 0.2517817256126165
  - x: -0.4691602052687409
    y: 0.2929158574185061
  - x: -0.4604233315335146
    y: 0.33345509363319503
  - x: -0.44827996508130413
    y: 0.37310734813080143
  - x: -0.43281759914566253
    y: 0.41158692550904075
  - x: -0.41414764042747526
    y: 0.44861657953114575
  - x: -0.3924046064071277
    y: 0.48392951069135426
  - x: -0.36774515614297737
    y: 0.5172712885114632
  - x: -0.34034696153924743
    y: 0.5484016847182536
  - x: -0.3104074272158857
    y: 0.5770964040937038
  - x: -0.27814226820375454
    y: 0.6031487005271765
  - x: -0.24378395571289188
    y: 0.6263708666258806
  - x: -0.20758004217211196
    y: 0.646595586150941
  - x: -0.1697913776080876
    y: 0.6636771395347307
  - x: -0.1306902302149275
    y: 0.6774924537936972
  - x: -0.09055832465560049
    y: 0.6879419892720269
  - x: -0.04968481222928221
    y: 0.694950456827148
  - x: -0.008364187529617753
    y: 0.6984673602897273
  - x: 0.033105833395571146
    y: 0.6984673602897273
  - x: 0.0744264580952356
    y: 0.694950456827148
  - x: 0.11529997052155387
    y: 0.6879419892720269
  - x: 0.1554318760808809
    y: 0.6774924537936972
  - x: 0.1945330234740408
    y: 0.6636771395347308
  - x: 0.23232168803806555
    y: 0.646595586150941
  - x: 0.2685256015788451
    y: 0.6263708666258807
  - x: 0.30288391406970816
    y: 0.6031487005271767
  - x: 0.3351490730818395
    y: 0.5770964040937038
  - x: 0.3650886074052008
    y: 0.5484016847182536
  - x: 0.392486802008931
    y: 0.5172712885114632
  - x: 0.4171462522730811
    y: 0.48392951069135465
  - x: 0.43888928629342905
    y: 0.44861657953114553
  - x: 0.4575592450116161
    y: 0.41158692550904097
  - x: 0.47302161094725753
    y: 0.37310734813080143
  - x: 0.48516497739946784
    y: 0.3334550936331954
  - x: 0.4939018511346945
    y: 0.29291585741850634
  - x: 0.4991692827774692
    y: 0.2517817256126169
  - x: 650.3949278936622
    y: 458.51020938853355
  - x: 650.3949278936622
    y: 458.51020938853355
  svgCommands: 01000000020000000200000002000000020000000200000002000000020000000200000002000000020000000200000002000000020000000200000002000000020000000200000002000000020000000200000002000000020000000200000002000000020000000200000002000000020000000200000002000000020000000200000002000000020000000200000002000000020000000200000002000000020000000200000002000000020000000200000002000000020000000200000002000000020000000200000002000000020000000200000002000000020000000200000002000000020000000200000002000000020000000200000002000000020000000200000002000000020000000200000002000000020000000200000002000000020000005f00000000000000
  reverse: 0
  offset: 0
--- !u!114 &6470472637884404483
MonoBehaviour:
  m_ObjectHideFlags: 0
  m_CorrespondingSourceObject: {fileID: 0}
  m_PrefabInstance: {fileID: 0}
  m_PrefabAsset: {fileID: 0}
  m_GameObject: {fileID: 1402171041665088183}
  m_Enabled: 1
  m_EditorHideFlags: 0
  m_Script: {fileID: 11500000, guid: 5120595cb07379d488e526d799bc1e6d, type: 3}
  m_Name: 
  m_EditorClassIdentifier: 
  path: {fileID: 673503289127401274}
  sections:
  - weight: 1
    colors: 02000000
  options:
  - colors:
    - {r: 0.986, g: 0.28298193, b: 0.3266477, a: 1}
    gradient: 0
  - colors:
    - {r: 1, g: 1, b: 1, a: 1}
    gradient: 0
  - colors:
    - {r: 0, g: 0, b: 0, a: 1}
    gradient: 0
  brush: {fileID: 5868331199382192805}
  material: {fileID: 2100000, guid: 108036d14a7415f4b95df06c69a79ceb, type: 2}
--- !u!1 &1461485986567365341
GameObject:
  m_ObjectHideFlags: 0
  m_CorrespondingSourceObject: {fileID: 0}
  m_PrefabInstance: {fileID: 0}
  m_PrefabAsset: {fileID: 0}
  serializedVersion: 6
  m_Component:
  - component: {fileID: 8573675264603863208}
  - component: {fileID: 1843002530062302238}
  - component: {fileID: 2905648561182659615}
  - component: {fileID: 7869757604142890716}
  m_Layer: 8
  m_Name: StrokeManual 2
  m_TagString: Untagged
  m_Icon: {fileID: 0}
  m_NavMeshLayer: 0
  m_StaticEditorFlags: 0
  m_IsActive: 1
--- !u!4 &8573675264603863208
Transform:
  m_ObjectHideFlags: 0
  m_CorrespondingSourceObject: {fileID: 0}
  m_PrefabInstance: {fileID: 0}
  m_PrefabAsset: {fileID: 0}
  m_GameObject: {fileID: 1461485986567365341}
  m_LocalRotation: {x: 0, y: 0, z: 0, w: 1}
  m_LocalPosition: {x: 0.418, y: -0.225, z: 0}
  m_LocalScale: {x: 0.6149656, y: 1, z: 1}
  m_Children: []
  m_Father: {fileID: 7983669017027850869}
  m_RootOrder: 3
  m_LocalEulerAnglesHint: {x: 0, y: 0, z: 0}
--- !u!114 &1843002530062302238
MonoBehaviour:
  m_ObjectHideFlags: 0
  m_CorrespondingSourceObject: {fileID: 0}
  m_PrefabInstance: {fileID: 0}
  m_PrefabAsset: {fileID: 0}
  m_GameObject: {fileID: 1461485986567365341}
  m_Enabled: 1
  m_EditorHideFlags: 0
  m_Script: {fileID: 11500000, guid: f6202143f93329f4596fcd4f38f4496e, type: 3}
  m_Name: 
  m_EditorClassIdentifier: 
  tip: {fileID: 4760252478746094373, guid: 0499a74804bbbed4083ca126c34374b8, type: 3}
  size:
    serializedVersion: 2
    m_Curve:
    - serializedVersion: 3
      time: 0
      value: 0.47273558
      inSlope: 0
      outSlope: 0
      tangentMode: 0
      weightedMode: 3
      inWeight: 0
      outWeight: 0
    - serializedVersion: 3
      time: 1
      value: 0.47273558
      inSlope: 0
      outSlope: 0
      tangentMode: 0
      weightedMode: 3
      inWeight: 0
      outWeight: 0
    m_PreInfinity: 2
    m_PostInfinity: 2
    m_RotationOrder: 4
  twist: 0
--- !u!114 &2905648561182659615
MonoBehaviour:
  m_ObjectHideFlags: 0
  m_CorrespondingSourceObject: {fileID: 0}
  m_PrefabInstance: {fileID: 0}
  m_PrefabAsset: {fileID: 0}
  m_GameObject: {fileID: 1461485986567365341}
  m_Enabled: 1
  m_EditorHideFlags: 0
  m_Script: {fileID: 11500000, guid: c25f2c3c6d52ab744a70ac080b3e3958, type: 3}
  m_Name: 
  m_EditorClassIdentifier: 
  svgPoints:
  - x: 1.5
    y: 0.45950695608495656
  - x: 1.5
    y: 0.45950695608495656
  - x: 0.5197467948433339
    y: 0.48424850590774
  - x: 0.44203735519680887
    y: 0.4657794615919191
  - x: 633.9999694824219
    y: 397.0999939441681
  svgCommands: 0100000004000000040000000400000000000000
  reverse: 0
  offset: 0
--- !u!114 &7869757604142890716
MonoBehaviour:
  m_ObjectHideFlags: 0
  m_CorrespondingSourceObject: {fileID: 0}
  m_PrefabInstance: {fileID: 0}
  m_PrefabAsset: {fileID: 0}
  m_GameObject: {fileID: 1461485986567365341}
  m_Enabled: 1
  m_EditorHideFlags: 0
  m_Script: {fileID: 11500000, guid: 5120595cb07379d488e526d799bc1e6d, type: 3}
  m_Name: 
  m_EditorClassIdentifier: 
  path: {fileID: 2905648561182659615}
  sections:
  - weight: 1
    colors: 02000000
  options:
  - colors:
    - {r: 0.986, g: 0.28298193, b: 0.3266477, a: 1}
    gradient: 0
  - colors:
    - {r: 1, g: 1, b: 1, a: 1}
    gradient: 0
  - colors:
    - {r: 0, g: 0, b: 0, a: 1}
    gradient: 0
  brush: {fileID: 1843002530062302238}
  material: {fileID: 2100000, guid: 108036d14a7415f4b95df06c69a79ceb, type: 2}
--- !u!1 &1560128726557205467
GameObject:
  m_ObjectHideFlags: 0
  m_CorrespondingSourceObject: {fileID: 0}
  m_PrefabInstance: {fileID: 0}
  m_PrefabAsset: {fileID: 0}
  serializedVersion: 6
  m_Component:
  - component: {fileID: 6844089827010084699}
  - component: {fileID: 5837882862247985277}
  m_Layer: 8
  m_Name: Hand
  m_TagString: Untagged
  m_Icon: {fileID: 0}
  m_NavMeshLayer: 0
  m_StaticEditorFlags: 0
  m_IsActive: 1
--- !u!4 &6844089827010084699
Transform:
  m_ObjectHideFlags: 0
  m_CorrespondingSourceObject: {fileID: 0}
  m_PrefabInstance: {fileID: 0}
  m_PrefabAsset: {fileID: 0}
  m_GameObject: {fileID: 1560128726557205467}
  m_LocalRotation: {x: -0, y: -0, z: -0, w: 1}
  m_LocalPosition: {x: 0, y: -0.069, z: 0}
  m_LocalScale: {x: 0.05, y: 0.05, z: 1}
  m_Children: []
  m_Father: {fileID: 5306072947717379392}
  m_RootOrder: 0
  m_LocalEulerAnglesHint: {x: 0, y: 0, z: 0}
--- !u!212 &5837882862247985277
SpriteRenderer:
  m_ObjectHideFlags: 0
  m_CorrespondingSourceObject: {fileID: 0}
  m_PrefabInstance: {fileID: 0}
  m_PrefabAsset: {fileID: 0}
  m_GameObject: {fileID: 1560128726557205467}
  m_Enabled: 1
  m_CastShadows: 0
  m_ReceiveShadows: 0
  m_DynamicOccludee: 1
  m_MotionVectors: 1
  m_LightProbeUsage: 1
  m_ReflectionProbeUsage: 1
  m_RayTracingMode: 0
  m_RayTraceProcedural: 0
  m_RenderingLayerMask: 1
  m_RendererPriority: 0
  m_Materials:
  - {fileID: 10754, guid: 0000000000000000f000000000000000, type: 0}
  m_StaticBatchInfo:
    firstSubMesh: 0
    subMeshCount: 0
  m_StaticBatchRoot: {fileID: 0}
  m_ProbeAnchor: {fileID: 0}
  m_LightProbeVolumeOverride: {fileID: 0}
  m_ScaleInLightmap: 1
  m_ReceiveGI: 1
  m_PreserveUVs: 0
  m_IgnoreNormalsForChartDetection: 0
  m_ImportantGI: 0
  m_StitchLightmapSeams: 0
  m_SelectedEditorRenderState: 0
  m_MinimumChartSize: 4
  m_AutoUVMaxDistance: 0.5
  m_AutoUVMaxAngle: 89
  m_LightmapParameters: {fileID: 0}
  m_SortingLayerID: 1830960989
  m_SortingLayer: 3
  m_SortingOrder: 1
  m_Sprite: {fileID: 21300000, guid: 8ef66171d3dbd5e419741f96e6522c09, type: 3}
  m_Color: {r: 1, g: 1, b: 1, a: 1}
  m_FlipX: 0
  m_FlipY: 0
  m_DrawMode: 0
  m_Size: {x: 5.11, y: 5.11}
  m_AdaptiveModeThreshold: 0.5
  m_SpriteTileMode: 0
  m_WasSpriteAssigned: 1
  m_MaskInteraction: 0
  m_SpriteSortPoint: 0
--- !u!1 &2002217544793121602
GameObject:
  m_ObjectHideFlags: 0
  m_CorrespondingSourceObject: {fileID: 0}
  m_PrefabInstance: {fileID: 0}
  m_PrefabAsset: {fileID: 0}
  serializedVersion: 6
  m_Component:
  - component: {fileID: 1883924783063137006}
  - component: {fileID: 6028418621267611898}
  m_Layer: 8
  m_Name: Hint
  m_TagString: Untagged
  m_Icon: {fileID: 0}
  m_NavMeshLayer: 0
  m_StaticEditorFlags: 0
  m_IsActive: 0
--- !u!4 &1883924783063137006
Transform:
  m_ObjectHideFlags: 0
  m_CorrespondingSourceObject: {fileID: 0}
  m_PrefabInstance: {fileID: 0}
  m_PrefabAsset: {fileID: 0}
  m_GameObject: {fileID: 2002217544793121602}
  m_LocalRotation: {x: 0, y: 0, z: 0, w: 1}
  m_LocalPosition: {x: 0, y: 0, z: -0.01}
  m_LocalScale: {x: 3.695, y: 3.695, z: 1}
  m_Children: []
  m_Father: {fileID: 5999752059901700823}
  m_RootOrder: 3
  m_LocalEulerAnglesHint: {x: 0, y: 0, z: 0}
--- !u!212 &6028418621267611898
SpriteRenderer:
  m_ObjectHideFlags: 0
  m_CorrespondingSourceObject: {fileID: 0}
  m_PrefabInstance: {fileID: 0}
  m_PrefabAsset: {fileID: 0}
  m_GameObject: {fileID: 2002217544793121602}
  m_Enabled: 1
  m_CastShadows: 0
  m_ReceiveShadows: 0
  m_DynamicOccludee: 1
  m_MotionVectors: 1
  m_LightProbeUsage: 1
  m_ReflectionProbeUsage: 1
  m_RayTracingMode: 0
  m_RayTraceProcedural: 0
  m_RenderingLayerMask: 1
  m_RendererPriority: 0
  m_Materials:
  - {fileID: 10754, guid: 0000000000000000f000000000000000, type: 0}
  m_StaticBatchInfo:
    firstSubMesh: 0
    subMeshCount: 0
  m_StaticBatchRoot: {fileID: 0}
  m_ProbeAnchor: {fileID: 0}
  m_LightProbeVolumeOverride: {fileID: 0}
  m_ScaleInLightmap: 1
  m_ReceiveGI: 1
  m_PreserveUVs: 0
  m_IgnoreNormalsForChartDetection: 0
  m_ImportantGI: 0
  m_StitchLightmapSeams: 0
  m_SelectedEditorRenderState: 0
  m_MinimumChartSize: 4
  m_AutoUVMaxDistance: 0.5
  m_AutoUVMaxAngle: 89
  m_LightmapParameters: {fileID: 0}
  m_SortingLayerID: 0
  m_SortingLayer: 0
  m_SortingOrder: 0
  m_Sprite: {fileID: 0}
  m_Color: {r: 1, g: 1, b: 1, a: 1}
  m_FlipX: 0
  m_FlipY: 0
  m_DrawMode: 0
  m_Size: {x: 1, y: 1}
  m_AdaptiveModeThreshold: 0.5
  m_SpriteTileMode: 0
  m_WasSpriteAssigned: 0
  m_MaskInteraction: 0
  m_SpriteSortPoint: 0
--- !u!1 &2882993288580668430
GameObject:
  m_ObjectHideFlags: 0
  m_CorrespondingSourceObject: {fileID: 0}
  m_PrefabInstance: {fileID: 0}
  m_PrefabAsset: {fileID: 0}
  serializedVersion: 6
  m_Component:
  - component: {fileID: 5306072947717379392}
  - component: {fileID: 6838789261731026259}
  m_Layer: 8
  m_Name: ToolTiphand
  m_TagString: Untagged
  m_Icon: {fileID: 0}
  m_NavMeshLayer: 0
  m_StaticEditorFlags: 0
  m_IsActive: 0
--- !u!4 &5306072947717379392
Transform:
  m_ObjectHideFlags: 0
  m_CorrespondingSourceObject: {fileID: 0}
  m_PrefabInstance: {fileID: 0}
  m_PrefabAsset: {fileID: 0}
  m_GameObject: {fileID: 2882993288580668430}
  m_LocalRotation: {x: -0, y: -0, z: -0, w: 1}
  m_LocalPosition: {x: -0.6055, y: 0, z: -0.21000007}
  m_LocalScale: {x: 3.5, y: 3.500002, z: 1}
  m_Children:
  - {fileID: 6844089827010084699}
  m_Father: {fileID: 5999752059901700823}
  m_RootOrder: 4
  m_LocalEulerAnglesHint: {x: 0, y: 0, z: 0}
--- !u!95 &6838789261731026259
Animator:
  serializedVersion: 3
  m_ObjectHideFlags: 0
  m_CorrespondingSourceObject: {fileID: 0}
  m_PrefabInstance: {fileID: 0}
  m_PrefabAsset: {fileID: 0}
  m_GameObject: {fileID: 2882993288580668430}
  m_Enabled: 1
  m_Avatar: {fileID: 0}
  m_Controller: {fileID: 9100000, guid: a9733f645225b7b4499c4fc6d56e50d8, type: 2}
  m_CullingMode: 0
  m_UpdateMode: 0
  m_ApplyRootMotion: 0
  m_LinearVelocityBlending: 0
  m_WarningMessage: 
  m_HasTransformHierarchy: 1
  m_AllowConstantClipSamplingOptimization: 1
  m_KeepAnimatorControllerStateOnDisable: 0
--- !u!1 &3497646253736666488
GameObject:
  m_ObjectHideFlags: 0
  m_CorrespondingSourceObject: {fileID: 0}
  m_PrefabInstance: {fileID: 0}
  m_PrefabAsset: {fileID: 0}
  serializedVersion: 6
  m_Component:
  - component: {fileID: 4658526508870497507}
  - component: {fileID: 4341866752290876718}
  m_Layer: 8
  m_Name: Hand
  m_TagString: Untagged
  m_Icon: {fileID: 0}
  m_NavMeshLayer: 0
  m_StaticEditorFlags: 0
  m_IsActive: 1
--- !u!4 &4658526508870497507
Transform:
  m_ObjectHideFlags: 0
  m_CorrespondingSourceObject: {fileID: 0}
  m_PrefabInstance: {fileID: 0}
  m_PrefabAsset: {fileID: 0}
  m_GameObject: {fileID: 3497646253736666488}
  m_LocalRotation: {x: -0, y: -0, z: -0, w: 1}
  m_LocalPosition: {x: 0, y: -0.069, z: -0.3}
  m_LocalScale: {x: 0.05, y: 0.05, z: 1}
  m_Children: []
  m_Father: {fileID: 260471074599191949}
  m_RootOrder: 0
  m_LocalEulerAnglesHint: {x: 0, y: 0, z: 0}
--- !u!212 &4341866752290876718
SpriteRenderer:
  m_ObjectHideFlags: 0
  m_CorrespondingSourceObject: {fileID: 0}
  m_PrefabInstance: {fileID: 0}
  m_PrefabAsset: {fileID: 0}
  m_GameObject: {fileID: 3497646253736666488}
  m_Enabled: 1
  m_CastShadows: 0
  m_ReceiveShadows: 0
  m_DynamicOccludee: 1
  m_MotionVectors: 1
  m_LightProbeUsage: 1
  m_ReflectionProbeUsage: 1
  m_RayTracingMode: 0
  m_RayTraceProcedural: 0
  m_RenderingLayerMask: 1
  m_RendererPriority: 0
  m_Materials:
  - {fileID: 10754, guid: 0000000000000000f000000000000000, type: 0}
  m_StaticBatchInfo:
    firstSubMesh: 0
    subMeshCount: 0
  m_StaticBatchRoot: {fileID: 0}
  m_ProbeAnchor: {fileID: 0}
  m_LightProbeVolumeOverride: {fileID: 0}
  m_ScaleInLightmap: 1
  m_ReceiveGI: 1
  m_PreserveUVs: 0
  m_IgnoreNormalsForChartDetection: 0
  m_ImportantGI: 0
  m_StitchLightmapSeams: 0
  m_SelectedEditorRenderState: 0
  m_MinimumChartSize: 4
  m_AutoUVMaxDistance: 0.5
  m_AutoUVMaxAngle: 89
  m_LightmapParameters: {fileID: 0}
  m_SortingLayerID: 1830960989
  m_SortingLayer: 3
  m_SortingOrder: 1
  m_Sprite: {fileID: 21300000, guid: 8ef66171d3dbd5e419741f96e6522c09, type: 3}
  m_Color: {r: 1, g: 1, b: 1, a: 1}
  m_FlipX: 0
  m_FlipY: 0
  m_DrawMode: 0
  m_Size: {x: 5.11, y: 5.11}
  m_AdaptiveModeThreshold: 0.5
  m_SpriteTileMode: 0
  m_WasSpriteAssigned: 1
  m_MaskInteraction: 0
  m_SpriteSortPoint: 0
--- !u!1 &3662599415756347570
GameObject:
  m_ObjectHideFlags: 0
  m_CorrespondingSourceObject: {fileID: 0}
  m_PrefabInstance: {fileID: 0}
  m_PrefabAsset: {fileID: 0}
  serializedVersion: 6
  m_Component:
  - component: {fileID: 1314147548931108202}
  - component: {fileID: 3866058772003863982}
  - component: {fileID: 6012327392962089779}
  - component: {fileID: 5519514543636664160}
  m_Layer: 8
  m_Name: StrokeManual 1
  m_TagString: Untagged
  m_Icon: {fileID: 0}
  m_NavMeshLayer: 0
  m_StaticEditorFlags: 0
  m_IsActive: 1
--- !u!4 &1314147548931108202
Transform:
  m_ObjectHideFlags: 0
  m_CorrespondingSourceObject: {fileID: 0}
  m_PrefabInstance: {fileID: 0}
  m_PrefabAsset: {fileID: 0}
  m_GameObject: {fileID: 3662599415756347570}
  m_LocalRotation: {x: 0, y: 0, z: 0, w: 1}
  m_LocalPosition: {x: -0.408, y: -0.239, z: 0}
  m_LocalScale: {x: 0.63063365, y: 1, z: 1}
  m_Children: []
  m_Father: {fileID: 7983669017027850869}
  m_RootOrder: 2
  m_LocalEulerAnglesHint: {x: 0, y: 0, z: 0}
--- !u!114 &3866058772003863982
MonoBehaviour:
  m_ObjectHideFlags: 0
  m_CorrespondingSourceObject: {fileID: 0}
  m_PrefabInstance: {fileID: 0}
  m_PrefabAsset: {fileID: 0}
  m_GameObject: {fileID: 3662599415756347570}
  m_Enabled: 1
  m_EditorHideFlags: 0
  m_Script: {fileID: 11500000, guid: f6202143f93329f4596fcd4f38f4496e, type: 3}
  m_Name: 
  m_EditorClassIdentifier: 
  tip: {fileID: 4760252478746094373, guid: 0499a74804bbbed4083ca126c34374b8, type: 3}
  size:
    serializedVersion: 2
    m_Curve:
    - serializedVersion: 3
      time: 0
      value: 0.47273558
      inSlope: 0
      outSlope: 0
      tangentMode: 0
      weightedMode: 3
      inWeight: 0
      outWeight: 0
    - serializedVersion: 3
      time: 1
      value: 0.47273558
      inSlope: 0
      outSlope: 0
      tangentMode: 0
      weightedMode: 3
      inWeight: 0
      outWeight: 0
    m_PreInfinity: 2
    m_PostInfinity: 2
    m_RotationOrder: 4
  twist: 0
--- !u!114 &6012327392962089779
MonoBehaviour:
  m_ObjectHideFlags: 0
  m_CorrespondingSourceObject: {fileID: 0}
  m_PrefabInstance: {fileID: 0}
  m_PrefabAsset: {fileID: 0}
  m_GameObject: {fileID: 3662599415756347570}
  m_Enabled: 1
  m_EditorHideFlags: 0
  m_Script: {fileID: 11500000, guid: c25f2c3c6d52ab744a70ac080b3e3958, type: 3}
  m_Name: 
  m_EditorClassIdentifier: 
  svgPoints:
  - x: -1.4909396927586294
    y: 0.4657794192199322
  - x: -1.4909396927586294
    y: 0.4657794192199322
  - x: -0.5106864876019632
    y: 0.4905209690427156
  - x: -0.4329770479554383
    y: 0.4720519247268947
  - x: 382.90000915527344
    y: 395.30000615119934
  svgCommands: 0100000004000000040000000400000000000000
  reverse: 0
  offset: 0
--- !u!114 &5519514543636664160
MonoBehaviour:
  m_ObjectHideFlags: 0
  m_CorrespondingSourceObject: {fileID: 0}
  m_PrefabInstance: {fileID: 0}
  m_PrefabAsset: {fileID: 0}
  m_GameObject: {fileID: 3662599415756347570}
  m_Enabled: 1
  m_EditorHideFlags: 0
  m_Script: {fileID: 11500000, guid: 5120595cb07379d488e526d799bc1e6d, type: 3}
  m_Name: 
  m_EditorClassIdentifier: 
  path: {fileID: 6012327392962089779}
  sections:
  - weight: 1
    colors: 02000000
  options:
  - colors:
    - {r: 0.986, g: 0.28298193, b: 0.3266477, a: 1}
    gradient: 0
  - colors:
    - {r: 1, g: 1, b: 1, a: 1}
    gradient: 0
  - colors:
    - {r: 0, g: 0, b: 0, a: 1}
    gradient: 0
  brush: {fileID: 3866058772003863982}
  material: {fileID: 2100000, guid: 108036d14a7415f4b95df06c69a79ceb, type: 2}
--- !u!1 &3904536782783159240
GameObject:
  m_ObjectHideFlags: 0
  m_CorrespondingSourceObject: {fileID: 0}
  m_PrefabInstance: {fileID: 0}
  m_PrefabAsset: {fileID: 0}
  serializedVersion: 6
  m_Component:
  - component: {fileID: 7574854435163140474}
  - component: {fileID: 2774382461322236944}
  m_Layer: 8
  m_Name: Tutorial
  m_TagString: Untagged
  m_Icon: {fileID: 0}
  m_NavMeshLayer: 0
  m_StaticEditorFlags: 0
  m_IsActive: 0
--- !u!4 &7574854435163140474
Transform:
  m_ObjectHideFlags: 0
  m_CorrespondingSourceObject: {fileID: 0}
  m_PrefabInstance: {fileID: 0}
  m_PrefabAsset: {fileID: 0}
  m_GameObject: {fileID: 3904536782783159240}
  m_LocalRotation: {x: 0, y: 0, z: 0, w: 1}
  m_LocalPosition: {x: 0, y: 0, z: -0.01}
  m_LocalScale: {x: 3.5, y: 3.5, z: 1}
  m_Children:
  - {fileID: 260471074599191949}
  m_Father: {fileID: 5999752059901700823}
  m_RootOrder: 5
  m_LocalEulerAnglesHint: {x: 0, y: 0, z: 0}
--- !u!212 &2774382461322236944
SpriteRenderer:
  m_ObjectHideFlags: 0
  m_CorrespondingSourceObject: {fileID: 0}
  m_PrefabInstance: {fileID: 0}
  m_PrefabAsset: {fileID: 0}
  m_GameObject: {fileID: 3904536782783159240}
  m_Enabled: 1
  m_CastShadows: 0
  m_ReceiveShadows: 0
  m_DynamicOccludee: 1
  m_MotionVectors: 1
  m_LightProbeUsage: 1
  m_ReflectionProbeUsage: 1
  m_RayTracingMode: 0
  m_RayTraceProcedural: 0
  m_RenderingLayerMask: 1
  m_RendererPriority: 0
  m_Materials:
  - {fileID: 10754, guid: 0000000000000000f000000000000000, type: 0}
  m_StaticBatchInfo:
    firstSubMesh: 0
    subMeshCount: 0
  m_StaticBatchRoot: {fileID: 0}
  m_ProbeAnchor: {fileID: 0}
  m_LightProbeVolumeOverride: {fileID: 0}
  m_ScaleInLightmap: 1
  m_ReceiveGI: 1
  m_PreserveUVs: 0
  m_IgnoreNormalsForChartDetection: 0
  m_ImportantGI: 0
  m_StitchLightmapSeams: 0
  m_SelectedEditorRenderState: 0
  m_MinimumChartSize: 4
  m_AutoUVMaxDistance: 0.5
  m_AutoUVMaxAngle: 89
  m_LightmapParameters: {fileID: 0}
  m_SortingLayerID: 1830960989
  m_SortingLayer: 3
  m_SortingOrder: 0
  m_Sprite: {fileID: 0}
  m_Color: {r: 1, g: 1, b: 1, a: 0.5882353}
  m_FlipX: 0
  m_FlipY: 0
  m_DrawMode: 0
  m_Size: {x: 5.4166665, y: 5.406901}
  m_AdaptiveModeThreshold: 0.5
  m_SpriteTileMode: 0
  m_WasSpriteAssigned: 0
  m_MaskInteraction: 0
  m_SpriteSortPoint: 0
--- !u!1 &4071951943854558680
GameObject:
  m_ObjectHideFlags: 0
  m_CorrespondingSourceObject: {fileID: 0}
  m_PrefabInstance: {fileID: 0}
  m_PrefabAsset: {fileID: 0}
  serializedVersion: 6
  m_Component:
  - component: {fileID: 6509895014644263967}
  - component: {fileID: 2252254388367027174}
  - component: {fileID: 6507088188169168716}
  - component: {fileID: 7928505354072685844}
  - component: {fileID: 3308002645001589538}
  m_Layer: 16
  m_Name: Area
  m_TagString: Untagged
  m_Icon: {fileID: 0}
  m_NavMeshLayer: 0
  m_StaticEditorFlags: 0
  m_IsActive: 1
--- !u!4 &6509895014644263967
Transform:
  m_ObjectHideFlags: 0
  m_CorrespondingSourceObject: {fileID: 0}
  m_PrefabInstance: {fileID: 0}
  m_PrefabAsset: {fileID: 0}
  m_GameObject: {fileID: 4071951943854558680}
  m_LocalRotation: {x: -0.7071068, y: -0, z: -0, w: 0.7071068}
  m_LocalPosition: {x: 0, y: 0, z: 0.05}
  m_LocalScale: {x: 1, y: 1, z: 1}
  m_Children: []
  m_Father: {fileID: 5999752059901700823}
  m_RootOrder: 0
  m_LocalEulerAnglesHint: {x: 0, y: 0, z: 0}
--- !u!23 &2252254388367027174
MeshRenderer:
  m_ObjectHideFlags: 0
  m_CorrespondingSourceObject: {fileID: 0}
  m_PrefabInstance: {fileID: 0}
  m_PrefabAsset: {fileID: 0}
  m_GameObject: {fileID: 4071951943854558680}
  m_Enabled: 1
  m_CastShadows: 1
  m_ReceiveShadows: 1
  m_DynamicOccludee: 1
  m_MotionVectors: 1
  m_LightProbeUsage: 1
  m_ReflectionProbeUsage: 1
  m_RayTracingMode: 2
  m_RayTraceProcedural: 0
  m_RenderingLayerMask: 1
  m_RendererPriority: 0
  m_Materials:
  - {fileID: 2100000, guid: 1d6bb86611de6314f95733bfbbf79b34, type: 2}
  m_StaticBatchInfo:
    firstSubMesh: 0
    subMeshCount: 0
  m_StaticBatchRoot: {fileID: 0}
  m_ProbeAnchor: {fileID: 0}
  m_LightProbeVolumeOverride: {fileID: 0}
  m_ScaleInLightmap: 1
  m_ReceiveGI: 1
  m_PreserveUVs: 0
  m_IgnoreNormalsForChartDetection: 0
  m_ImportantGI: 0
  m_StitchLightmapSeams: 0
  m_SelectedEditorRenderState: 3
  m_MinimumChartSize: 4
  m_AutoUVMaxDistance: 0.5
  m_AutoUVMaxAngle: 89
  m_LightmapParameters: {fileID: 0}
  m_SortingLayerID: 0
  m_SortingLayer: 0
  m_SortingOrder: 0
  m_AdditionalVertexStreams: {fileID: 0}
--- !u!33 &6507088188169168716
MeshFilter:
  m_ObjectHideFlags: 0
  m_CorrespondingSourceObject: {fileID: 0}
  m_PrefabInstance: {fileID: 0}
  m_PrefabAsset: {fileID: 0}
  m_GameObject: {fileID: 4071951943854558680}
  m_Mesh: {fileID: 0}
--- !u!114 &7928505354072685844
MonoBehaviour:
  m_ObjectHideFlags: 0
  m_CorrespondingSourceObject: {fileID: 0}
  m_PrefabInstance: {fileID: 0}
  m_PrefabAsset: {fileID: 0}
  m_GameObject: {fileID: 4071951943854558680}
  m_Enabled: 1
  m_EditorHideFlags: 0
  m_Script: {fileID: 11500000, guid: e27985c4b7446fd4f953cfd03b4886ab, type: 3}
  m_Name: 
  m_EditorClassIdentifier: 
--- !u!65 &3308002645001589538
BoxCollider:
  m_ObjectHideFlags: 0
  m_CorrespondingSourceObject: {fileID: 0}
  m_PrefabInstance: {fileID: 0}
  m_PrefabAsset: {fileID: 0}
  m_GameObject: {fileID: 4071951943854558680}
  m_Material: {fileID: 0}
  m_IsTrigger: 0
  m_Enabled: 1
  serializedVersion: 2
  m_Size: {x: 100, y: 1, z: 100}
  m_Center: {x: -0.84074354, y: -0.5, z: 0.16904497}
--- !u!1 &5312907560650549926
GameObject:
  m_ObjectHideFlags: 0
  m_CorrespondingSourceObject: {fileID: 0}
  m_PrefabInstance: {fileID: 0}
  m_PrefabAsset: {fileID: 0}
  serializedVersion: 6
  m_Component:
  - component: {fileID: 5999752059901700823}
  - component: {fileID: 1896847926508160544}
  m_Layer: 8
  m_Name: FillManual(Clone)
  m_TagString: Untagged
  m_Icon: {fileID: 0}
  m_NavMeshLayer: 0
  m_StaticEditorFlags: 0
  m_IsActive: 1
--- !u!4 &5999752059901700823
Transform:
  m_ObjectHideFlags: 0
  m_CorrespondingSourceObject: {fileID: 0}
  m_PrefabInstance: {fileID: 0}
  m_PrefabAsset: {fileID: 0}
  m_GameObject: {fileID: 5312907560650549926}
  m_LocalRotation: {x: 0, y: 0, z: 0, w: 1}
  m_LocalPosition: {x: 0, y: 0, z: 0}
  m_LocalScale: {x: 0.98645604, y: 0.98645604, z: 0.98645604}
  m_Children:
  - {fileID: 6509895014644263967}
  - {fileID: 467245913579673589}
  - {fileID: 2559679382050004745}
  - {fileID: 1883924783063137006}
  - {fileID: 5306072947717379392}
  - {fileID: 7574854435163140474}
  m_Father: {fileID: 7983669017027850869}
  m_RootOrder: 1
  m_LocalEulerAnglesHint: {x: 0, y: 0, z: 0}
--- !u!114 &1896847926508160544
MonoBehaviour:
  m_ObjectHideFlags: 0
  m_CorrespondingSourceObject: {fileID: 0}
  m_PrefabInstance: {fileID: 0}
  m_PrefabAsset: {fileID: 0}
  m_GameObject: {fileID: 5312907560650549926}
  m_Enabled: 1
  m_EditorHideFlags: 0
  m_Script: {fileID: 11500000, guid: f639f652e1f0604498cb1ea542312c93, type: 3}
  m_Name: 
  m_EditorClassIdentifier: 
  drawTexture: {fileID: 2800000, guid: e3ce4f269d7954d5cb590011d67c4a22, type: 3}
  options:
  - PaintText: {fileID: 0}
    Icon: {fileID: 0}
    BlendColor: {r: 1, g: 0.9379498, b: 0.027450979, a: 1}
  - PaintText: {fileID: 0}
    Icon: {fileID: 0}
    BlendColor: {r: 0.35686275, g: 0.64705884, b: 0.64705884, a: 1}
  - PaintText: {fileID: 2800000, guid: 5f008eb2e76a46245ba735af5f9c3df1, type: 3}
    Icon: {fileID: 21300000, guid: 5f008eb2e76a46245ba735af5f9c3df1, type: 3}
    BlendColor: {r: 1, g: 0.8588236, b: 0.227451, a: 1}
  correctIndex: 2
  fillSurface: {fileID: 7928505354072685844}
  renderCamera: {fileID: 3268038235518228789}
  previewEditor: {fileID: 7644862931515913185}
  tooltipHand: {fileID: 2882993288580668430}
  loangOption: 1
  transformScale: 0.98645604
  patternScale: 1
  showHint: 1
  showAreaFill: 1
--- !u!1 &5661674588133868066
GameObject:
  m_ObjectHideFlags: 0
  m_CorrespondingSourceObject: {fileID: 0}
  m_PrefabInstance: {fileID: 0}
  m_PrefabAsset: {fileID: 0}
  serializedVersion: 6
  m_Component:
  - component: {fileID: 1788461430883301568}
  - component: {fileID: 8242908038170617713}
  - component: {fileID: 7023823834052993179}
  - component: {fileID: 7589749658026854200}
  m_Layer: 8
  m_Name: StrokeManual 5
  m_TagString: Untagged
  m_Icon: {fileID: 0}
  m_NavMeshLayer: 0
  m_StaticEditorFlags: 0
  m_IsActive: 1
--- !u!4 &1788461430883301568
Transform:
  m_ObjectHideFlags: 0
  m_CorrespondingSourceObject: {fileID: 0}
  m_PrefabInstance: {fileID: 0}
  m_PrefabAsset: {fileID: 0}
  m_GameObject: {fileID: 5661674588133868066}
  m_LocalRotation: {x: 0, y: 0, z: 0, w: 1}
  m_LocalPosition: {x: 0, y: 0, z: 0}
  m_LocalScale: {x: 1, y: 1, z: 1}
  m_Children: []
  m_Father: {fileID: 7983669017027850869}
  m_RootOrder: 6
  m_LocalEulerAnglesHint: {x: 0, y: 0, z: 0}
--- !u!114 &8242908038170617713
MonoBehaviour:
  m_ObjectHideFlags: 0
  m_CorrespondingSourceObject: {fileID: 0}
  m_PrefabInstance: {fileID: 0}
  m_PrefabAsset: {fileID: 0}
  m_GameObject: {fileID: 5661674588133868066}
  m_Enabled: 1
  m_EditorHideFlags: 0
  m_Script: {fileID: 11500000, guid: f6202143f93329f4596fcd4f38f4496e, type: 3}
  m_Name: 
  m_EditorClassIdentifier: 
  tip: {fileID: 4760252478746094373, guid: 0499a74804bbbed4083ca126c34374b8, type: 3}
  size:
    serializedVersion: 2
    m_Curve:
    - serializedVersion: 3
      time: 0.15847778
      value: 0.24923247
      inSlope: 0
      outSlope: 0
      tangentMode: 0
      weightedMode: 3
      inWeight: 0
      outWeight: 0
    - serializedVersion: 3
      time: 0.30845642
      value: 0.116305545
      inSlope: 0
      outSlope: 0
      tangentMode: 0
      weightedMode: 3
      inWeight: 0
      outWeight: 0
    m_PreInfinity: 2
    m_PostInfinity: 2
    m_RotationOrder: 4
  twist: 0
--- !u!114 &7023823834052993179
MonoBehaviour:
  m_ObjectHideFlags: 0
  m_CorrespondingSourceObject: {fileID: 0}
  m_PrefabInstance: {fileID: 0}
  m_PrefabAsset: {fileID: 0}
  m_GameObject: {fileID: 5661674588133868066}
  m_Enabled: 1
  m_EditorHideFlags: 0
  m_Script: {fileID: 11500000, guid: c25f2c3c6d52ab744a70ac080b3e3958, type: 3}
  m_Name: 
  m_EditorClassIdentifier: 
  svgPoints:
  - x: -0.02317337588141044
    y: 0.25355966521487217
  - x: -0.014113090241444953
    y: 0.27655885235067584
  - x: 0.015507077098857654
    y: 0.2807405237964152
  - x: 0.03502154052234829
    y: 0.2699378738078234
  - x: 0.06533865061113764
    y: 0.253211191348159
  - x: 0.07021726812865685
    y: 0.21278837900420422
  - x: 0.05279363959721262
    y: 0.18491057601252794
  - x: 0.029097506389629154
    y: 0.1472755413091063
  - x: -0.023521844763183995
    y: 0.1416999827047469
  - x: -0.05871757236949255
    y: 0.1657445864557505
  - x: -0.10401900223096652
    y: 0.19675864095467313
  - x: -0.1102915085687523
    y: 0.26087758650621135
  - x: -0.07927745240818312
    y: 0.30408818646057856
  - x: -0.04129394716134141
    y: 0.3567075409366848
  - x: 0.034673069978928196
    y: 0.3636769916846039
  - x: 0.08555005512146849
    y: 0.32604195698118227
  - x: 0.145835801432334
    y: 0.2810890009864215
  - x: 0.15350219991367944
    y: 0.19327392555059286
  - x: 0.10889771446233877
    y: 0.13473052863353474
  - x: 0.056975307719658905
    y: 0.06677838384132379
  - x: -0.043036306525028094
    y: 0.058763518139851326
  - x: -0.1092460886302593
    y: 0.10998897881075136
  - x: -0.13816930989878207
    y: 0.1322912215364217
  - x: -0.15872918827582608
    y: 0.16435069597383736
  - x: -0.16813794612085822
    y: 0.1995464235801459
  - x: 458.9000015258789
    y: 473.49999952316284
  svgCommands: 0100000004000000040000000400000004000000040000000400000004000000040000000400000004000000040000000400000004000000040000000400000004000000040000000400000004000000040000000400000004000000040000000400000000000000
  reverse: 0
  offset: 0
--- !u!114 &7589749658026854200
MonoBehaviour:
  m_ObjectHideFlags: 0
  m_CorrespondingSourceObject: {fileID: 0}
  m_PrefabInstance: {fileID: 0}
  m_PrefabAsset: {fileID: 0}
  m_GameObject: {fileID: 5661674588133868066}
  m_Enabled: 1
  m_EditorHideFlags: 0
  m_Script: {fileID: 11500000, guid: 5120595cb07379d488e526d799bc1e6d, type: 3}
  m_Name: 
  m_EditorClassIdentifier: 
  path: {fileID: 7023823834052993179}
  sections:
  - weight: 1
    colors: 02000000
  options:
  - colors:
    - {r: 0.986, g: 0.28298193, b: 0.3266477, a: 1}
    gradient: 0
  - colors:
    - {r: 1, g: 1, b: 1, a: 1}
    gradient: 0
  - colors:
    - {r: 0, g: 0, b: 0, a: 1}
    gradient: 0
  brush: {fileID: 8242908038170617713}
  material: {fileID: 2100000, guid: 108036d14a7415f4b95df06c69a79ceb, type: 2}
--- !u!1 &6972292700429068336
GameObject:
  m_ObjectHideFlags: 0
  m_CorrespondingSourceObject: {fileID: 0}
  m_PrefabInstance: {fileID: 0}
  m_PrefabAsset: {fileID: 0}
  serializedVersion: 6
  m_Component:
  - component: {fileID: 3315270354332627214}
  - component: {fileID: 6907789510971943351}
  - component: {fileID: 3707816929730470142}
  - component: {fileID: 7255712164563005140}
  m_Layer: 8
  m_Name: StrokeManual 6
  m_TagString: Untagged
  m_Icon: {fileID: 0}
  m_NavMeshLayer: 0
  m_StaticEditorFlags: 0
  m_IsActive: 1
--- !u!4 &3315270354332627214
Transform:
  m_ObjectHideFlags: 0
  m_CorrespondingSourceObject: {fileID: 0}
  m_PrefabInstance: {fileID: 0}
  m_PrefabAsset: {fileID: 0}
  m_GameObject: {fileID: 6972292700429068336}
  m_LocalRotation: {x: 0, y: 0, z: 0, w: 1}
  m_LocalPosition: {x: 0, y: -0.168, z: 0}
  m_LocalScale: {x: 1, y: 1, z: 1}
  m_Children: []
  m_Father: {fileID: 7983669017027850869}
  m_RootOrder: 7
  m_LocalEulerAnglesHint: {x: 0, y: 0, z: 0}
--- !u!114 &6907789510971943351
MonoBehaviour:
  m_ObjectHideFlags: 0
  m_CorrespondingSourceObject: {fileID: 0}
  m_PrefabInstance: {fileID: 0}
  m_PrefabAsset: {fileID: 0}
  m_GameObject: {fileID: 6972292700429068336}
  m_Enabled: 1
  m_EditorHideFlags: 0
  m_Script: {fileID: 11500000, guid: f6202143f93329f4596fcd4f38f4496e, type: 3}
  m_Name: 
  m_EditorClassIdentifier: 
  tip: {fileID: 4760252478746094373, guid: 0499a74804bbbed4083ca126c34374b8, type: 3}
  size:
    serializedVersion: 2
    m_Curve:
    - serializedVersion: 3
      time: -0.15931702
      value: -0.0013549775
      inSlope: 0
      outSlope: 0
      tangentMode: 0
      weightedMode: 3
      inWeight: 0
      outWeight: 0
    - serializedVersion: 3
      time: 0.49452424
      value: 0.16065562
      inSlope: 0.0063337567
      outSlope: 0.0063337567
      tangentMode: 0
      weightedMode: 3
      inWeight: 0.80692816
      outWeight: 0.5435101
    - serializedVersion: 3
      time: 1.1476135
      value: -0.007092282
      inSlope: 0
      outSlope: 0
      tangentMode: 0
      weightedMode: 3
      inWeight: 0
      outWeight: 0
    m_PreInfinity: 2
    m_PostInfinity: 2
    m_RotationOrder: 4
  twist: 0
--- !u!114 &3707816929730470142
MonoBehaviour:
  m_ObjectHideFlags: 0
  m_CorrespondingSourceObject: {fileID: 0}
  m_PrefabInstance: {fileID: 0}
  m_PrefabAsset: {fileID: 0}
  m_GameObject: {fileID: 6972292700429068336}
  m_Enabled: 1
  m_EditorHideFlags: 0
  m_Script: {fileID: 11500000, guid: c25f2c3c6d52ab744a70ac080b3e3958, type: 3}
  m_Name: 
  m_EditorClassIdentifier: 
  svgPoints:
  - x: -0.5417004689884379
    y: -0.12871475084664052
  - x: -0.5417004689884379
    y: -0.12871475084664052
  - x: -0.5636542395090417
    y: -0.679649853738719
  - x: -0.028051970135878023
    y: -0.6890586016138719
  - x: 0.5072018685733826
    y: -0.6984673602897273
  - x: 0.5382159031325466
    y: -0.13498726715430556
  - x: 0.5382159031325466
    y: -0.13498726715430556
  - x: 661.6000061035156
    y: 569.5000152587891
  svgCommands: 0100000004000000040000000400000004000000040000000400000000000000
  reverse: 0
  offset: 0
--- !u!114 &7255712164563005140
MonoBehaviour:
  m_ObjectHideFlags: 0
  m_CorrespondingSourceObject: {fileID: 0}
  m_PrefabInstance: {fileID: 0}
  m_PrefabAsset: {fileID: 0}
  m_GameObject: {fileID: 6972292700429068336}
  m_Enabled: 1
  m_EditorHideFlags: 0
  m_Script: {fileID: 11500000, guid: 5120595cb07379d488e526d799bc1e6d, type: 3}
  m_Name: 
  m_EditorClassIdentifier: 
  path: {fileID: 3707816929730470142}
  sections:
  - weight: 1
    colors: 02000000
  options:
  - colors:
    - {r: 0.986, g: 0.28298193, b: 0.3266477, a: 1}
    gradient: 0
  - colors:
    - {r: 1, g: 1, b: 1, a: 1}
    gradient: 0
  - colors:
    - {r: 0, g: 0, b: 0, a: 1}
    gradient: 0
  brush: {fileID: 6907789510971943351}
  material: {fileID: 2100000, guid: 108036d14a7415f4b95df06c69a79ceb, type: 2}
--- !u!1 &8073237924640800224
GameObject:
  m_ObjectHideFlags: 0
  m_CorrespondingSourceObject: {fileID: 0}
  m_PrefabInstance: {fileID: 0}
  m_PrefabAsset: {fileID: 0}
  serializedVersion: 6
  m_Component:
  - component: {fileID: 2559679382050004745}
  - component: {fileID: 8844272876374504493}
  - component: {fileID: 3268038235518228789}
  m_Layer: 0
  m_Name: RenderCamera
  m_TagString: Untagged
  m_Icon: {fileID: 0}
  m_NavMeshLayer: 0
  m_StaticEditorFlags: 0
  m_IsActive: 0
--- !u!4 &2559679382050004745
Transform:
  m_ObjectHideFlags: 0
  m_CorrespondingSourceObject: {fileID: 0}
  m_PrefabInstance: {fileID: 0}
  m_PrefabAsset: {fileID: 0}
  m_GameObject: {fileID: 8073237924640800224}
  m_LocalRotation: {x: 0, y: 0, z: 0, w: 1}
  m_LocalPosition: {x: 0, y: 0, z: 5}
  m_LocalScale: {x: 1, y: 1, z: 1}
  m_Children: []
  m_Father: {fileID: 5999752059901700823}
  m_RootOrder: 2
  m_LocalEulerAnglesHint: {x: 0, y: 0, z: 0}
--- !u!20 &8844272876374504493
Camera:
  m_ObjectHideFlags: 0
  m_CorrespondingSourceObject: {fileID: 0}
  m_PrefabInstance: {fileID: 0}
  m_PrefabAsset: {fileID: 0}
  m_GameObject: {fileID: 8073237924640800224}
  m_Enabled: 1
  serializedVersion: 2
  m_ClearFlags: 3
  m_BackGroundColor: {r: 0.19215687, g: 0.3019608, b: 0.4745098, a: 0}
  m_projectionMatrixMode: 1
  m_GateFitMode: 2
  m_FOVAxisMode: 0
  m_SensorSize: {x: 36, y: 24}
  m_LensShift: {x: 0, y: 0}
  m_FocalLength: 50
  m_NormalizedViewPortRect:
    serializedVersion: 2
    x: 0
    y: 0
    width: 1
    height: 1
  near clip plane: 0.3
  far clip plane: 1000
  field of view: 164.2
  orthographic: 1
  orthographic size: 0.5
  m_Depth: 0
  m_CullingMask:
    serializedVersion: 2
    m_Bits: 16384
  m_RenderingPath: -1
  m_TargetTexture: {fileID: 0}
  m_TargetDisplay: 0
  m_TargetEye: 3
  m_HDR: 0
  m_AllowMSAA: 0
  m_AllowDynamicResolution: 0
  m_ForceIntoRT: 0
  m_OcclusionCulling: 0
  m_StereoConvergence: 10
  m_StereoSeparation: 0.022
--- !u!114 &3268038235518228789
MonoBehaviour:
  m_ObjectHideFlags: 0
  m_CorrespondingSourceObject: {fileID: 0}
  m_PrefabInstance: {fileID: 0}
  m_PrefabAsset: {fileID: 0}
  m_GameObject: {fileID: 8073237924640800224}
  m_Enabled: 1
  m_EditorHideFlags: 0
  m_Script: {fileID: 11500000, guid: 00f5e22643ec3c447882201517f878f9, type: 3}
  m_Name: 
  m_EditorClassIdentifier: 
  fillElementPrefab: {fileID: 8661648435844971284, guid: 2b681b85528ec23488181b02228d9e98,
    type: 3}
  renderCamera: {fileID: 8844272876374504493}
  elements: []
--- !u!1 &8188691741944494170
GameObject:
  m_ObjectHideFlags: 0
  m_CorrespondingSourceObject: {fileID: 0}
  m_PrefabInstance: {fileID: 0}
  m_PrefabAsset: {fileID: 0}
  serializedVersion: 6
  m_Component:
  - component: {fileID: 260471074599191949}
  - component: {fileID: 8546884605997743952}
  m_Layer: 8
  m_Name: HandTutorial
  m_TagString: Untagged
  m_Icon: {fileID: 0}
  m_NavMeshLayer: 0
  m_StaticEditorFlags: 0
  m_IsActive: 1
--- !u!4 &260471074599191949
Transform:
  m_ObjectHideFlags: 0
  m_CorrespondingSourceObject: {fileID: 0}
  m_PrefabInstance: {fileID: 0}
  m_PrefabAsset: {fileID: 0}
  m_GameObject: {fileID: 8188691741944494170}
  m_LocalRotation: {x: -0, y: -0, z: -0, w: 1}
  m_LocalPosition: {x: -0.173, y: -0.04, z: -0.5}
  m_LocalScale: {x: 1, y: 1, z: 1}
  m_Children:
  - {fileID: 4658526508870497507}
  m_Father: {fileID: 7574854435163140474}
  m_RootOrder: 0
  m_LocalEulerAnglesHint: {x: 0, y: 0, z: 0}
--- !u!95 &8546884605997743952
Animator:
  serializedVersion: 3
  m_ObjectHideFlags: 0
  m_CorrespondingSourceObject: {fileID: 0}
  m_PrefabInstance: {fileID: 0}
  m_PrefabAsset: {fileID: 0}
  m_GameObject: {fileID: 8188691741944494170}
  m_Enabled: 1
  m_Avatar: {fileID: 0}
  m_Controller: {fileID: 9100000, guid: a9733f645225b7b4499c4fc6d56e50d8, type: 2}
  m_CullingMode: 0
  m_UpdateMode: 0
  m_ApplyRootMotion: 0
  m_LinearVelocityBlending: 0
  m_WarningMessage: 
  m_HasTransformHierarchy: 1
  m_AllowConstantClipSamplingOptimization: 1
  m_KeepAnimatorControllerStateOnDisable: 0
--- !u!1 &8585293474575009312
GameObject:
  m_ObjectHideFlags: 0
  m_CorrespondingSourceObject: {fileID: 0}
  m_PrefabInstance: {fileID: 0}
  m_PrefabAsset: {fileID: 0}
  serializedVersion: 6
  m_Component:
  - component: {fileID: 5339811965091868914}
  - component: {fileID: 2389459626090754588}
  - component: {fileID: 7606776025644243390}
  - component: {fileID: 6874442856015008564}
  m_Layer: 8
  m_Name: StrokeManual 4
  m_TagString: Untagged
  m_Icon: {fileID: 0}
  m_NavMeshLayer: 0
  m_StaticEditorFlags: 0
  m_IsActive: 1
--- !u!4 &5339811965091868914
Transform:
  m_ObjectHideFlags: 0
  m_CorrespondingSourceObject: {fileID: 0}
  m_PrefabInstance: {fileID: 0}
  m_PrefabAsset: {fileID: 0}
  m_GameObject: {fileID: 8585293474575009312}
  m_LocalRotation: {x: 0, y: 0, z: 0, w: 1}
  m_LocalPosition: {x: 0, y: 0.046, z: 0}
  m_LocalScale: {x: 0.80290365, y: 0.80290365, z: 0.80290365}
  m_Children: []
  m_Father: {fileID: 7983669017027850869}
  m_RootOrder: 5
  m_LocalEulerAnglesHint: {x: 0, y: 0, z: 0}
--- !u!114 &2389459626090754588
MonoBehaviour:
  m_ObjectHideFlags: 0
  m_CorrespondingSourceObject: {fileID: 0}
  m_PrefabInstance: {fileID: 0}
  m_PrefabAsset: {fileID: 0}
  m_GameObject: {fileID: 8585293474575009312}
  m_Enabled: 1
  m_EditorHideFlags: 0
  m_Script: {fileID: 11500000, guid: f6202143f93329f4596fcd4f38f4496e, type: 3}
  m_Name: 
  m_EditorClassIdentifier: 
  tip: {fileID: 4760252478746094373, guid: 0499a74804bbbed4083ca126c34374b8, type: 3}
  size:
    serializedVersion: 2
    m_Curve:
    - serializedVersion: 3
      time: 0
      value: 0.23320313
      inSlope: 0
      outSlope: 0
      tangentMode: 0
      weightedMode: 3
      inWeight: 0
      outWeight: 0
    - serializedVersion: 3
      time: 1
      value: 0.23320313
      inSlope: 0
      outSlope: 0
      tangentMode: 0
      weightedMode: 3
      inWeight: 0
      outWeight: 0
    m_PreInfinity: 2
    m_PostInfinity: 2
    m_RotationOrder: 4
  twist: 0
--- !u!114 &7606776025644243390
MonoBehaviour:
  m_ObjectHideFlags: 0
  m_CorrespondingSourceObject: {fileID: 0}
  m_PrefabInstance: {fileID: 0}
  m_PrefabAsset: {fileID: 0}
  m_GameObject: {fileID: 8585293474575009312}
  m_Enabled: 1
  m_EditorHideFlags: 0
  m_Script: {fileID: 11500000, guid: c25f2c3c6d52ab744a70ac080b3e3958, type: 3}
  m_Name: 
  m_EditorClassIdentifier: 
  svgPoints:
  - x: 0.40440242750342487
    y: 0.21975782908746472
  - x: 0.40266319628307745
    y: 0.1821388315555243
  - x: 0.39746034112957246
    y: 0.14484078604644152
  - x: 0.388838250968604
    y: 0.10818190633357938
  - x: 0.376870486433362
    y: 0.07247495305309101
  - x: 0.3616591522711469
    y: 0.03802456534044852
  - x: 0.3433340262216644
    y: 0.005124661756751651
  - x: 0.3220514517991123
    y: -0.025944067320803052
  - x: 0.2979930044244387
    y: -0.05491655445025083
  - x: 0.2713639422878744
    y: -0.08154561658681508
  - x: 0.24239145515842667
    y: -0.10560406396148869
  - x: 0.21132272608087196
    y: -0.12688663838404085
  - x: 0.1784228224971751
    y: -0.14521176443352332
  - x: 0.14397243478453278
    y: -0.16042309859573842
  - x: 0.10826548150404441
    y: -0.17239086313098043
  - x: 0.07160660179118229
    y: -0.18101295329194886
  - x: 0.034308556282099306
    y: -0.18621580844545382
  - x: -0.0033104412498411195
    y: -0.18795503966580127
  - x: -0.04092943878178154
    y: -0.18621580844545382
  - x: -0.07822748429086433
    y: -0.18101295329194886
  - x: -0.11488636400372645
    y: -0.17239086313098043
  - x: -0.15059331728421482
    y: -0.16042309859573842
  - x: -0.18504370499685732
    y: -0.14521176443352332
  - x: -0.2179436085805544
    y: -0.12688663838404085
  - x: -0.2490123376581089
    y: -0.10560406396148869
  - x: -0.2779848247875569
    y: -0.08154561658681508
  - x: -0.3046138869241207
    y: -0.05491655445025083
  - x: -0.32867233429879456
    y: -0.025944067320803052
  - x: -0.3499549087213467
    y: 0.0051246617567512545
  - x: -0.368280034770829
    y: 0.03802456534044852
  - x: -0.38349136893304425
    y: 0.07247495305309082
  - x: -0.3954591334682861
    y: 0.10818190633357919
  - x: -0.4040812236292547
    y: 0.14484078604644152
  - x: -0.4092840787827597
    y: 0.1821388315555243
  - x: -0.41102331000310693
    y: 0.21975782908746472
  - x: -0.4092840787827597
    y: 0.257376826619405
  - x: -0.4040812236292547
    y: 0.2946748721284879
  - x: -0.39545913346828626
    y: 0.3313337518413499
  - x: -0.38349136893304425
    y: 0.3670407051218386
  - x: -0.36828003477082916
    y: 0.4014910928344807
  - x: -0.3499549087213469
    y: 0.43439099641817797
  - x: -0.32867233429879456
    y: 0.4654597254957325
  - x: -0.3046138869241207
    y: 0.49443221262518045
  - x: -0.2779848247875569
    y: 0.5210612747617444
  - x: -0.2490123376581089
    y: 0.5451197221364181
  - x: -0.2179436085805544
    y: 0.5664022965589703
  - x: -0.18504370499685732
    y: 0.5847274226084528
  - x: -0.15059331728421482
    y: 0.5999387567706681
  - x: -0.11488636400372666
    y: 0.6119065213059097
  - x: -0.07822748429086453
    y: 0.6205286114668781
  - x: -0.04092943878178154
    y: 0.6257314666203833
  - x: -0.0033104412498411195
    y: 0.6274706978407305
  - x: 0.03430855628209891
    y: 0.6257314666203833
  - x: 0.07160660179118229
    y: 0.6205286114668783
  - x: 0.10826548150404441
    y: 0.6119065213059097
  - x: 0.1439724347845324
    y: 0.5999387567706681
  - x: 0.1784228224971751
    y: 0.5847274226084528
  - x: 0.21132272608087196
    y: 0.5664022965589705
  - x: 0.24239145515842667
    y: 0.5451197221364181
  - x: 0.2713639422878748
    y: 0.5210612747617444
  - x: 0.29799300442443827
    y: 0.49443221262518067
  - x: 0.3220514517991123
    y: 0.4654597254957325
  - x: 0.3433340262216644
    y: 0.43439099641817797
  - x: 0.3616591522711469
    y: 0.4014910928344809
  - x: 0.376870486433362
    y: 0.36704070512183845
  - x: 0.38883825096860364
    y: 0.3313337518413503
  - x: 0.39746034112957246
    y: 0.29467487212848814
  - x: 0.40266319628307745
    y: 0.25737682661940514
  - x: 622.700898626519
    y: 456.90460194279365
  - x: 622.700898626519
    y: 456.90460194279365
  svgCommands: 01000000020000000200000002000000020000000200000002000000020000000200000002000000020000000200000002000000020000000200000002000000020000000200000002000000020000000200000002000000020000000200000002000000020000000200000002000000020000000200000002000000020000000200000002000000020000000200000002000000020000000200000002000000020000000200000002000000020000000200000002000000020000000200000002000000020000000200000002000000020000000200000002000000020000000200000002000000020000000200000002000000020000000200000002000000020000000200000002000000020000005f00000000000000
  reverse: 0
  offset: 0
--- !u!114 &6874442856015008564
MonoBehaviour:
  m_ObjectHideFlags: 0
  m_CorrespondingSourceObject: {fileID: 0}
  m_PrefabInstance: {fileID: 0}
  m_PrefabAsset: {fileID: 0}
  m_GameObject: {fileID: 8585293474575009312}
  m_Enabled: 1
  m_EditorHideFlags: 0
  m_Script: {fileID: 11500000, guid: 5120595cb07379d488e526d799bc1e6d, type: 3}
  m_Name: 
  m_EditorClassIdentifier: 
  path: {fileID: 7606776025644243390}
  sections:
  - weight: 1
    colors: 01000000
  options:
  - colors:
    - {r: 0.986, g: 0.28298193, b: 0.3266477, a: 1}
    gradient: 0
  - colors:
    - {r: 1, g: 1, b: 1, a: 1}
    gradient: 0
  - colors:
    - {r: 0, g: 0, b: 0, a: 1}
    gradient: 0
  brush: {fileID: 2389459626090754588}
  material: {fileID: 2100000, guid: 108036d14a7415f4b95df06c69a79ceb, type: 2}
--- !u!1001 &8603552260195340666
PrefabInstance:
  m_ObjectHideFlags: 0
  serializedVersion: 2
  m_Modification:
    m_TransformParent: {fileID: 8937758404625793765}
    m_Modifications:
    - target: {fileID: 85269448851576918, guid: 6b1d137e06152df4886ac0ef8f092d86,
        type: 3}
      propertyPath: m_RootOrder
      value: 8
      objectReference: {fileID: 0}
    - target: {fileID: 794801451098536653, guid: 6b1d137e06152df4886ac0ef8f092d86,
        type: 3}
      propertyPath: cakeTexture
      value: 
      objectReference: {fileID: 2800000, guid: b1c3e4c1dc10e044d8a9bb44722cf64c, type: 3}
    - target: {fileID: 794801451098536653, guid: 6b1d137e06152df4886ac0ef8f092d86,
        type: 3}
      propertyPath: diskColor.b
      value: 0.9040881
      objectReference: {fileID: 0}
    - target: {fileID: 794801451098536653, guid: 6b1d137e06152df4886ac0ef8f092d86,
        type: 3}
      propertyPath: diskColor.g
      value: 1
      objectReference: {fileID: 0}
    - target: {fileID: 794801451098536653, guid: 6b1d137e06152df4886ac0ef8f092d86,
        type: 3}
      propertyPath: diskColor.r
      value: 0.7122642
      objectReference: {fileID: 0}
    - target: {fileID: 794801451098536653, guid: 6b1d137e06152df4886ac0ef8f092d86,
        type: 3}
      propertyPath: toppingTexture
      value: 
      objectReference: {fileID: 0}
    - target: {fileID: 1341202605574904496, guid: 6b1d137e06152df4886ac0ef8f092d86,
        type: 3}
      propertyPath: m_Name
      value: SquareLSharp
      objectReference: {fileID: 0}
    - target: {fileID: 6955690194484411392, guid: 6b1d137e06152df4886ac0ef8f092d86,
        type: 3}
      propertyPath: m_RootOrder
      value: 0
      objectReference: {fileID: 0}
    - target: {fileID: 6955690194484411392, guid: 6b1d137e06152df4886ac0ef8f092d86,
        type: 3}
      propertyPath: m_LocalEulerAnglesHint.x
      value: 0
      objectReference: {fileID: 0}
    - target: {fileID: 6955690194484411392, guid: 6b1d137e06152df4886ac0ef8f092d86,
        type: 3}
      propertyPath: m_LocalEulerAnglesHint.y
      value: 0
      objectReference: {fileID: 0}
    - target: {fileID: 6955690194484411392, guid: 6b1d137e06152df4886ac0ef8f092d86,
        type: 3}
      propertyPath: m_LocalEulerAnglesHint.z
      value: 0
      objectReference: {fileID: 0}
    - target: {fileID: 8393655403455781039, guid: 6b1d137e06152df4886ac0ef8f092d86,
        type: 3}
      propertyPath: m_RootOrder
      value: 9
      objectReference: {fileID: 0}
    m_RemovedComponents: []
  m_SourcePrefab: {fileID: 100100000, guid: 6b1d137e06152df4886ac0ef8f092d86, type: 3}
--- !u!4 &1721050516334243194 stripped
Transform:
  m_CorrespondingSourceObject: {fileID: 6955690194484411392, guid: 6b1d137e06152df4886ac0ef8f092d86,
    type: 3}
  m_PrefabInstance: {fileID: 8603552260195340666}
  m_PrefabAsset: {fileID: 0}
--- !u!4 &7983669017027850869 stripped
Transform:
  m_CorrespondingSourceObject: {fileID: 1850493022598292239, guid: 6b1d137e06152df4886ac0ef8f092d86,
    type: 3}
  m_PrefabInstance: {fileID: 8603552260195340666}
  m_PrefabAsset: {fileID: 0}
--- !u!114 &8962803754537757623 stripped
MonoBehaviour:
  m_CorrespondingSourceObject: {fileID: 794801451098536653, guid: 6b1d137e06152df4886ac0ef8f092d86,
    type: 3}
  m_PrefabInstance: {fileID: 8603552260195340666}
  m_PrefabAsset: {fileID: 0}
  m_GameObject: {fileID: 0}
  m_Enabled: 0
  m_EditorHideFlags: 0
  m_Script: {fileID: 11500000, guid: d931adf55ff26eb4dab04b81b53ef544, type: 3}
  m_Name: 
  m_EditorClassIdentifier: 
