%YAML 1.1
%TAG !u! tag:unity3d.com,2011:
--- !u!1 &1545082265238036174
GameObject:
  m_ObjectHideFlags: 0
  m_CorrespondingSourceObject: {fileID: 0}
  m_PrefabInstance: {fileID: 0}
  m_PrefabAsset: {fileID: 0}
  serializedVersion: 6
  m_Component:
  - component: {fileID: 3323835131859974160}
  - component: {fileID: 4212696140022451199}
  m_Layer: 8
  m_Name: Sprinkles Manual
  m_TagString: Untagged
  m_Icon: {fileID: 0}
  m_NavMeshLayer: 0
  m_StaticEditorFlags: 0
  m_IsActive: 1
--- !u!4 &3323835131859974160
Transform:
  m_ObjectHideFlags: 0
  m_CorrespondingSourceObject: {fileID: 0}
  m_PrefabInstance: {fileID: 0}
  m_PrefabAsset: {fileID: 0}
  m_GameObject: {fileID: 1545082265238036174}
  m_LocalRotation: {x: 0, y: 0, z: 0, w: 1}
  m_LocalPosition: {x: 0.158, y: -0.995, z: -0}
  m_LocalScale: {x: 0.75, y: 0.75, z: 0.75}
  m_Children:
  - {fileID: 2205057007175365365}
  - {fileID: 4898542855826808335}
  m_Father: {fileID: 8822635526168218626}
  m_RootOrder: 8
  m_LocalEulerAnglesHint: {x: 0, y: 0, z: 0}
--- !u!114 &4212696140022451199
MonoBehaviour:
  m_ObjectHideFlags: 0
  m_CorrespondingSourceObject: {fileID: 0}
  m_PrefabInstance: {fileID: 0}
  m_PrefabAsset: {fileID: 0}
  m_GameObject: {fileID: 1545082265238036174}
  m_Enabled: 1
  m_EditorHideFlags: 0
  m_Script: {fileID: 11500000, guid: 2179359cc2a883a438dca2c78b5c9308, type: 3}
  m_Name: 
  m_EditorClassIdentifier: 
  paths:
  - path: {fileID: 6511336632050049253}
    sections:
    - weight: 1
      options: 00000000
    magnet: 0
  options:
  - {fileID: 4380505851850867183}
  - {fileID: 7614496977193208134}
  physicsEnabled: 0
  bonus: 0
--- !u!1 &2291431804208028415
GameObject:
  m_ObjectHideFlags: 0
  m_CorrespondingSourceObject: {fileID: 0}
  m_PrefabInstance: {fileID: 0}
  m_PrefabAsset: {fileID: 0}
  serializedVersion: 6
  m_Component:
  - component: {fileID: 4690762919334080477}
  - component: {fileID: 5433374695175624575}
  m_Layer: 0
  m_Name: fill_dung_001
  m_TagString: Untagged
  m_Icon: {fileID: 0}
  m_NavMeshLayer: 0
  m_StaticEditorFlags: 0
  m_IsActive: 1
--- !u!4 &4690762919334080477
Transform:
  m_ObjectHideFlags: 0
  m_CorrespondingSourceObject: {fileID: 0}
  m_PrefabInstance: {fileID: 0}
  m_PrefabAsset: {fileID: 0}
  m_GameObject: {fileID: 2291431804208028415}
  m_LocalRotation: {x: 0, y: 0, z: 0, w: 1}
  m_LocalPosition: {x: 0, y: 0, z: 0}
  m_LocalScale: {x: 1, y: 1, z: 1}
  m_Children:
  - {fileID: 241394190663668493}
  - {fileID: 4418173267837783999}
  - {fileID: 734884619558049700}
  m_Father: {fileID: 0}
  m_RootOrder: 0
  m_LocalEulerAnglesHint: {x: 0, y: 0, z: 0}
--- !u!114 &5433374695175624575
MonoBehaviour:
  m_ObjectHideFlags: 0
  m_CorrespondingSourceObject: {fileID: 0}
  m_PrefabInstance: {fileID: 0}
  m_PrefabAsset: {fileID: 0}
  m_GameObject: {fileID: 2291431804208028415}
  m_Enabled: 1
  m_EditorHideFlags: 0
  m_Script: {fileID: 11500000, guid: f522867c3f9eb3e4bb325c968c25314e, type: 3}
  m_Name: 
  m_EditorClassIdentifier: 
  layers:
  - {fileID: 7555274808666199488}
  backgroundColor: {r: 0.94509804, g: 0.88235295, b: 0.5568628, a: 1}
  glitterStroke: 0
  glitterCake: 0
  newPreview: 0
  strokeRate: 0.5
  sprinkleRate: 0.5
  diskColor: {r: 0.8862745, g: 0.6745098, b: 0.78039217, a: 1}
  type: 0
  previewCameraTransform: {fileID: 734884619558049700}
  previewCameraSize: 2
  finishCameraTransform: {fileID: 4418173267837783999}
  previewScale: 1
  specialStroke: 0
  specialFill: 0
--- !u!1 &2476376185155241408
GameObject:
  m_ObjectHideFlags: 0
  m_CorrespondingSourceObject: {fileID: 0}
  m_PrefabInstance: {fileID: 0}
  m_PrefabAsset: {fileID: 0}
  serializedVersion: 6
  m_Component:
  - component: {fileID: 4898542855826808335}
  - component: {fileID: 6511336632050049253}
  m_Layer: 0
  m_Name: Path
  m_TagString: Untagged
  m_Icon: {fileID: 0}
  m_NavMeshLayer: 0
  m_StaticEditorFlags: 0
  m_IsActive: 1
--- !u!4 &4898542855826808335
Transform:
  m_ObjectHideFlags: 0
  m_CorrespondingSourceObject: {fileID: 0}
  m_PrefabInstance: {fileID: 0}
  m_PrefabAsset: {fileID: 0}
  m_GameObject: {fileID: 2476376185155241408}
  m_LocalRotation: {x: 0, y: 0, z: 0, w: 1}
  m_LocalPosition: {x: 0, y: 0, z: 0}
  m_LocalScale: {x: 1, y: 1, z: 1}
  m_Children: []
  m_Father: {fileID: 3323835131859974160}
  m_RootOrder: 1
  m_LocalEulerAnglesHint: {x: 0, y: 0, z: 0}
--- !u!114 &6511336632050049253
MonoBehaviour:
  m_ObjectHideFlags: 0
  m_CorrespondingSourceObject: {fileID: 0}
  m_PrefabInstance: {fileID: 0}
  m_PrefabAsset: {fileID: 0}
  m_GameObject: {fileID: 2476376185155241408}
  m_Enabled: 1
  m_EditorHideFlags: 0
  m_Script: {fileID: 11500000, guid: c25f2c3c6d52ab744a70ac080b3e3958, type: 3}
  m_Name: 
  m_EditorClassIdentifier: 
  svgPoints:
  - x: -1.5
    y: 0.192791411481752
  - x: -1.3444785311178196
    y: -0.1799079750213155
  - x: -1.2414110394343278
    y: -0.2673312879047511
  - x: -1.1733128834355828
    y: -0.258128833917021
  - x: -1.030674846625767
    y: -0.23972392594156092
  - x: -1.0371165626619492
    y: 0.19187118012480942
  - x: -0.8558282208588958
    y: 0.22960122743267225
  - x: -0.6763803680981596
    y: 0.2673312879047511
  - x: -0.5438650166330162
    y: -0.13205520726420397
  - x: -0.3128834355828221
    y: -0.11088957011334005
  - x: -0.11319017702816454
    y: -0.09248466213787992
  - x: -0.06809815599874486
    y: 0.21763804426953837
  - x: 0.11042944785276074
    y: 0.21119631945721212
  - x: 0.2779141174503631
    y: 0.2047546017755029
  - x: 0.31932516039514836
    y: -0.07131902498701599
  - x: 0.5153374233128835
    y: -0.08328220815014986
  - x: 0.6358895740626049
    y: -0.09064417145003571
  - x: 0.680061346182794
    y: 0.010582820769467968
  - x: 0.8098159509202455
    y: 0.05475460166580107
  - x: 0.939570555657697
    y: 0.09892638256213417
  - x: 1.1503067484662577
    y: 0.08604294610169769
  - x: 1.5
    y: -0.1937116560029106
  - x: 767.5
    y: 436.5
  svgCommands: 0100000004000000040000000400000004000000040000000400000004000000040000000400000004000000040000000400000004000000040000000400000004000000040000000400000004000000040000000400000000000000
  reverse: 0
  offset: 0
--- !u!1 &2625235995326584100
GameObject:
  m_ObjectHideFlags: 0
  m_CorrespondingSourceObject: {fileID: 0}
  m_PrefabInstance: {fileID: 0}
  m_PrefabAsset: {fileID: 0}
  serializedVersion: 6
  m_Component:
  - component: {fileID: 2991070181700158585}
  - component: {fileID: 5732782115258956181}
  - component: {fileID: 7553521788872598244}
  - component: {fileID: 5489047690598432651}
  m_Layer: 8
  m_Name: Stroke Manual 2
  m_TagString: Untagged
  m_Icon: {fileID: 0}
  m_NavMeshLayer: 0
  m_StaticEditorFlags: 0
  m_IsActive: 1
--- !u!4 &2991070181700158585
Transform:
  m_ObjectHideFlags: 0
  m_CorrespondingSourceObject: {fileID: 0}
  m_PrefabInstance: {fileID: 0}
  m_PrefabAsset: {fileID: 0}
  m_GameObject: {fileID: 2625235995326584100}
  m_LocalRotation: {x: 0, y: 0, z: 0, w: 1}
  m_LocalPosition: {x: 0.042, y: -0, z: 0.07}
  m_LocalScale: {x: 1.32, y: 1.32, z: 1.32}
  m_Children: []
  m_Father: {fileID: 8822635526168218626}
  m_RootOrder: 5
  m_LocalEulerAnglesHint: {x: 0, y: 0, z: 0}
--- !u!114 &5732782115258956181
MonoBehaviour:
  m_ObjectHideFlags: 0
  m_CorrespondingSourceObject: {fileID: 0}
  m_PrefabInstance: {fileID: 0}
  m_PrefabAsset: {fileID: 0}
  m_GameObject: {fileID: 2625235995326584100}
  m_Enabled: 1
  m_EditorHideFlags: 0
  m_Script: {fileID: 11500000, guid: 5120595cb07379d488e526d799bc1e6d, type: 3}
  m_Name: 
  m_EditorClassIdentifier: 
  path: {fileID: 5489047690598432651}
  sections:
  - weight: 1
    colors: 03000000
  options:
  - colors:
    - {r: 0, g: 0, b: 0, a: 1}
    gradient: 0
  - colors:
    - {r: 0.8862745, g: 0.15294118, b: 0.14509805, a: 1}
    gradient: 0
  - colors:
    - {r: 0.06666667, g: 0.46666667, b: 0.65882355, a: 1}
    gradient: 0
  - colors:
    - {r: 0.94509804, g: 0.54509807, b: 0.27058825, a: 1}
    gradient: 0
  brush: {fileID: 7553521788872598244}
  material: {fileID: 2100000, guid: 108036d14a7415f4b95df06c69a79ceb, type: 2}
--- !u!114 &7553521788872598244
MonoBehaviour:
  m_ObjectHideFlags: 0
  m_CorrespondingSourceObject: {fileID: 0}
  m_PrefabInstance: {fileID: 0}
  m_PrefabAsset: {fileID: 0}
  m_GameObject: {fileID: 2625235995326584100}
  m_Enabled: 1
  m_EditorHideFlags: 0
  m_Script: {fileID: 11500000, guid: f6202143f93329f4596fcd4f38f4496e, type: 3}
  m_Name: 
  m_EditorClassIdentifier: 
  tip: {fileID: 4760252478746094373, guid: 0499a74804bbbed4083ca126c34374b8, type: 3}
  size:
    serializedVersion: 2
    m_Curve:
    - serializedVersion: 3
      time: 0
      value: 0.2
      inSlope: 0
      outSlope: 0
      tangentMode: 0
      weightedMode: 3
      inWeight: 0
      outWeight: 0
    - serializedVersion: 3
      time: 1
      value: 0.2
      inSlope: 0
      outSlope: 0
      tangentMode: 0
      weightedMode: 3
      inWeight: 0
      outWeight: 0
    m_PreInfinity: 2
    m_PostInfinity: 2
    m_RotationOrder: 4
  twist: 0
--- !u!114 &5489047690598432651
MonoBehaviour:
  m_ObjectHideFlags: 0
  m_CorrespondingSourceObject: {fileID: 0}
  m_PrefabInstance: {fileID: 0}
  m_PrefabAsset: {fileID: 0}
  m_GameObject: {fileID: 2625235995326584100}
  m_Enabled: 1
  m_EditorHideFlags: 0
  m_Script: {fileID: 11500000, guid: c25f2c3c6d52ab744a70ac080b3e3958, type: 3}
  m_Name: 
  m_EditorClassIdentifier: 
  svgPoints:
  - x: -0.8233205269714606
    y: 0.40111026830098695
  - x: -0.7091409992623336
    y: 0.7350395089959156
  - x: -0.6394195149195899
    y: 0.7569156743233622
  - x: -0.6116155970167887
    y: 0.7539518182254402
  - x: -0.5883280550582707
    y: 0.7514113589650354
  - x: -0.558124818586635
    y: 0.7052596836628738
  - x: -0.4987063010409636
    y: 0.612815198255659
  - x: -0.4711846594738644
    y: 0.5700508028086103
  - x: -0.409790227768034
    y: 0.4746424478436365
  - x: -0.3716833430681604
    y: 0.4152239302979651
  - x: 590.5
    y: 319.5
  svgCommands: 0100000004000000040000000400000004000000040000000400000004000000040000000400000000000000
  reverse: 0
  offset: 0
--- !u!1 &3209651938255190784
GameObject:
  m_ObjectHideFlags: 0
  m_CorrespondingSourceObject: {fileID: 0}
  m_PrefabInstance: {fileID: 0}
  m_PrefabAsset: {fileID: 0}
  serializedVersion: 6
  m_Component:
  - component: {fileID: 4418173267837783999}
  m_Layer: 0
  m_Name: finishCameraTransform
  m_TagString: Untagged
  m_Icon: {fileID: 0}
  m_NavMeshLayer: 0
  m_StaticEditorFlags: 0
  m_IsActive: 1
--- !u!4 &4418173267837783999
Transform:
  m_ObjectHideFlags: 0
  m_CorrespondingSourceObject: {fileID: 0}
  m_PrefabInstance: {fileID: 0}
  m_PrefabAsset: {fileID: 0}
  m_GameObject: {fileID: 3209651938255190784}
  m_LocalRotation: {x: 0.5, y: 0, z: 0, w: 0.8660254}
  m_LocalPosition: {x: 0, y: 6.6, z: -3.6}
  m_LocalScale: {x: 1, y: 1, z: 1}
  m_Children: []
  m_Father: {fileID: 4690762919334080477}
  m_RootOrder: 1
  m_LocalEulerAnglesHint: {x: 0, y: 0, z: 0}
--- !u!1 &3272761719746810810
GameObject:
  m_ObjectHideFlags: 0
  m_CorrespondingSourceObject: {fileID: 0}
  m_PrefabInstance: {fileID: 0}
  m_PrefabAsset: {fileID: 0}
  serializedVersion: 6
  m_Component:
  - component: {fileID: 1771643788609908829}
  - component: {fileID: 6123298557321565758}
  - component: {fileID: 5461412774779406535}
  - component: {fileID: 1936880289471068824}
  m_Layer: 8
  m_Name: Stroke Manual 3
  m_TagString: Untagged
  m_Icon: {fileID: 0}
  m_NavMeshLayer: 0
  m_StaticEditorFlags: 0
  m_IsActive: 1
--- !u!4 &1771643788609908829
Transform:
  m_ObjectHideFlags: 0
  m_CorrespondingSourceObject: {fileID: 0}
  m_PrefabInstance: {fileID: 0}
  m_PrefabAsset: {fileID: 0}
  m_GameObject: {fileID: 3272761719746810810}
  m_LocalRotation: {x: 0, y: 0, z: 0, w: 1}
  m_LocalPosition: {x: 0.042, y: -0, z: 0.07}
  m_LocalScale: {x: 1.32, y: 1.32, z: 1.32}
  m_Children: []
  m_Father: {fileID: 8822635526168218626}
  m_RootOrder: 6
  m_LocalEulerAnglesHint: {x: 0, y: 0, z: 0}
--- !u!114 &6123298557321565758
MonoBehaviour:
  m_ObjectHideFlags: 0
  m_CorrespondingSourceObject: {fileID: 0}
  m_PrefabInstance: {fileID: 0}
  m_PrefabAsset: {fileID: 0}
  m_GameObject: {fileID: 3272761719746810810}
  m_Enabled: 1
  m_EditorHideFlags: 0
  m_Script: {fileID: 11500000, guid: 5120595cb07379d488e526d799bc1e6d, type: 3}
  m_Name: 
  m_EditorClassIdentifier: 
  path: {fileID: 1936880289471068824}
  sections:
  - weight: 1
    colors: 03000000
  options:
  - colors:
    - {r: 0, g: 0, b: 0, a: 1}
    gradient: 0
  - colors:
    - {r: 0.8862745, g: 0.15294118, b: 0.14509805, a: 1}
    gradient: 0
  - colors:
    - {r: 0.06666667, g: 0.46666667, b: 0.65882355, a: 1}
    gradient: 0
  - colors:
    - {r: 0.94509804, g: 0.54509807, b: 0.27058825, a: 1}
    gradient: 0
  brush: {fileID: 5461412774779406535}
  material: {fileID: 2100000, guid: 108036d14a7415f4b95df06c69a79ceb, type: 2}
--- !u!114 &5461412774779406535
MonoBehaviour:
  m_ObjectHideFlags: 0
  m_CorrespondingSourceObject: {fileID: 0}
  m_PrefabInstance: {fileID: 0}
  m_PrefabAsset: {fileID: 0}
  m_GameObject: {fileID: 3272761719746810810}
  m_Enabled: 1
  m_EditorHideFlags: 0
  m_Script: {fileID: 11500000, guid: f6202143f93329f4596fcd4f38f4496e, type: 3}
  m_Name: 
  m_EditorClassIdentifier: 
  tip: {fileID: 4760252478746094373, guid: 0499a74804bbbed4083ca126c34374b8, type: 3}
  size:
    serializedVersion: 2
    m_Curve:
    - serializedVersion: 3
      time: 0
      value: 0.2
      inSlope: 0
      outSlope: 0
      tangentMode: 0
      weightedMode: 3
      inWeight: 0
      outWeight: 0
    - serializedVersion: 3
      time: 1
      value: 0.2
      inSlope: 0
      outSlope: 0
      tangentMode: 0
      weightedMode: 3
      inWeight: 0
      outWeight: 0
    m_PreInfinity: 2
    m_PostInfinity: 2
    m_RotationOrder: 4
  twist: 0
--- !u!114 &1936880289471068824
MonoBehaviour:
  m_ObjectHideFlags: 0
  m_CorrespondingSourceObject: {fileID: 0}
  m_PrefabInstance: {fileID: 0}
  m_PrefabAsset: {fileID: 0}
  m_GameObject: {fileID: 3272761719746810810}
  m_Enabled: 1
  m_EditorHideFlags: 0
  m_Script: {fileID: 11500000, guid: c25f2c3c6d52ab744a70ac080b3e3958, type: 3}
  m_Name: 
  m_EditorClassIdentifier: 
  svgPoints:
  - x: 0.2003437911555546
    y: 0.4056267435115678
  - x: 0.3145233188646816
    y: 0.7395559842064965
  - x: 0.3842448032074253
    y: 0.761432149533943
  - x: 0.41204872111022656
    y: 0.7584682934360211
  - x: 0.43533626306874457
    y: 0.7559278341756163
  - x: 0.4655394995403802
    y: 0.7097761588734547
  - x: 0.5249580170860516
    y: 0.6173316734662397
  - x: 0.5524796586531509
    y: 0.5745672780191912
  - x: 0.6138740903589812
    y: 0.47915892305421737
  - x: 0.6519809750588548
    y: 0.41974040550854597
  - x: 663.030029296875
    y: 319.17999267578125
  svgCommands: 0100000004000000040000000400000004000000040000000400000004000000040000000400000000000000
  reverse: 0
  offset: 0
--- !u!1 &3438805842739005444
GameObject:
  m_ObjectHideFlags: 0
  m_CorrespondingSourceObject: {fileID: 0}
  m_PrefabInstance: {fileID: 0}
  m_PrefabAsset: {fileID: 0}
  serializedVersion: 6
  m_Component:
  - component: {fileID: 5431017566156050599}
  - component: {fileID: 8665163715580280921}
  m_Layer: 8
  m_Name: Option
  m_TagString: Untagged
  m_Icon: {fileID: 0}
  m_NavMeshLayer: 0
  m_StaticEditorFlags: 0
  m_IsActive: 1
--- !u!4 &5431017566156050599
Transform:
  m_ObjectHideFlags: 0
  m_CorrespondingSourceObject: {fileID: 0}
  m_PrefabInstance: {fileID: 0}
  m_PrefabAsset: {fileID: 0}
  m_GameObject: {fileID: 3438805842739005444}
  m_LocalRotation: {x: -0, y: -0, z: -0, w: 1}
  m_LocalPosition: {x: 0, y: 0, z: 0}
  m_LocalScale: {x: 1, y: 1, z: 1}
  m_Children: []
  m_Father: {fileID: 2205057007175365365}
  m_RootOrder: 2
  m_LocalEulerAnglesHint: {x: 0, y: 0, z: 0}
--- !u!114 &8665163715580280921
MonoBehaviour:
  m_ObjectHideFlags: 0
  m_CorrespondingSourceObject: {fileID: 0}
  m_PrefabInstance: {fileID: 0}
  m_PrefabAsset: {fileID: 0}
  m_GameObject: {fileID: 3438805842739005444}
  m_Enabled: 0
  m_EditorHideFlags: 0
  m_Script: {fileID: 11500000, guid: 552fb6fa4deaccb46ba7fa59819fc06a, type: 3}
  m_Name: 
  m_EditorClassIdentifier: 
  special: 0
  objects:
  - {fileID: 114986966024178736, guid: ab37bdefbae5a66439cc1215a71ecb11, type: 3}
  - {fileID: 2647852329520218456, guid: 8d4f907bba59f6e42b73731e08670013, type: 3}
  objectSizeX:
    serializedVersion: 2
    m_Curve:
    - serializedVersion: 3
      time: 0
      value: 0.05
      inSlope: 0
      outSlope: 0
      tangentMode: 0
      weightedMode: 3
      inWeight: 0
      outWeight: 0
    - serializedVersion: 3
      time: 1
      value: 0.06
      inSlope: 0
      outSlope: 0
      tangentMode: 0
      weightedMode: 3
      inWeight: 0
      outWeight: 0
    m_PreInfinity: 2
    m_PostInfinity: 2
    m_RotationOrder: 4
  objectSizeY:
    serializedVersion: 2
    m_Curve:
    - serializedVersion: 3
      time: 0
      value: 0.05
      inSlope: 0
      outSlope: 0
      tangentMode: 0
      weightedMode: 3
      inWeight: 0
      outWeight: 0
    - serializedVersion: 3
      time: 1
      value: 0.06
      inSlope: 0
      outSlope: 0
      tangentMode: 0
      weightedMode: 3
      inWeight: 0
      outWeight: 0
    m_PreInfinity: 2
    m_PostInfinity: 2
    m_RotationOrder: 4
  objectSizeZ:
    serializedVersion: 2
    m_Curve:
    - serializedVersion: 3
      time: 0
      value: 0.05
      inSlope: 0
      outSlope: 0
      tangentMode: 0
      weightedMode: 3
      inWeight: 0
      outWeight: 0
    - serializedVersion: 3
      time: 1
      value: 0.06
      inSlope: 0
      outSlope: 0
      tangentMode: 0
      weightedMode: 3
      inWeight: 0
      outWeight: 0
    m_PreInfinity: 2
    m_PostInfinity: 2
    m_RotationOrder: 4
  rotationX:
    serializedVersion: 2
    m_Curve:
    - serializedVersion: 3
      time: 0
      value: 0
      inSlope: 0
      outSlope: 0
      tangentMode: 0
      weightedMode: 3
      inWeight: 0
      outWeight: 0
    - serializedVersion: 3
      time: 1
      value: 0
      inSlope: 0
      outSlope: 0
      tangentMode: 0
      weightedMode: 3
      inWeight: 0
      outWeight: 0
    m_PreInfinity: 2
    m_PostInfinity: 2
    m_RotationOrder: 4
  rotationY:
    serializedVersion: 2
    m_Curve:
    - serializedVersion: 3
      time: 0
      value: 0
      inSlope: 0
      outSlope: 0
      tangentMode: 0
      weightedMode: 3
      inWeight: 0
      outWeight: 0
    - serializedVersion: 3
      time: 1
      value: 0
      inSlope: 0
      outSlope: 0
      tangentMode: 0
      weightedMode: 3
      inWeight: 0
      outWeight: 0
    m_PreInfinity: 2
    m_PostInfinity: 2
    m_RotationOrder: 4
  rotationZ:
    serializedVersion: 2
    m_Curve:
    - serializedVersion: 3
      time: 0
      value: 0
      inSlope: 0
      outSlope: 0
      tangentMode: 0
      weightedMode: 3
      inWeight: 0
      outWeight: 0
    - serializedVersion: 3
      time: 1
      value: 360
      inSlope: 0
      outSlope: 0
      tangentMode: 0
      weightedMode: 3
      inWeight: 0
      outWeight: 0
    m_PreInfinity: 2
    m_PostInfinity: 2
    m_RotationOrder: 4
  color:
    serializedVersion: 2
    key0: {r: 0.07843137, g: 0.4779123, b: 1, a: 1}
    key1: {r: 0.07843137, g: 0.4779123, b: 1, a: 1}
    key2: {r: 1, g: 0.8209606, b: 0.07843137, a: 0}
    key3: {r: 1, g: 0.8209606, b: 0.07843137, a: 0}
    key4: {r: 1, g: 0.8209606, b: 0.07843137, a: 0}
    key5: {r: 1, g: 0.8209606, b: 0.07843137, a: 0}
    key6: {r: 1, g: 0.8209606, b: 0.07843137, a: 0}
    key7: {r: 0, g: 0, b: 0, a: 0}
    ctime0: 0
    ctime1: 65535
    ctime2: 64571
    ctime3: 64571
    ctime4: 64571
    ctime5: 64571
    ctime6: 64571
    ctime7: 0
    atime0: 0
    atime1: 65535
    atime2: 0
    atime3: 0
    atime4: 0
    atime5: 0
    atime6: 0
    atime7: 0
    m_Mode: 0
    m_NumColorKeys: 2
    m_NumAlphaKeys: 2
  spacing: 0.1
  radius: 0.4
  count: 2
  sprinklePreviewType: 0
--- !u!1 &3497750318358048971
GameObject:
  m_ObjectHideFlags: 0
  m_CorrespondingSourceObject: {fileID: 0}
  m_PrefabInstance: {fileID: 0}
  m_PrefabAsset: {fileID: 0}
  serializedVersion: 6
  m_Component:
  - component: {fileID: 361494009530329455}
  - component: {fileID: 1052079557659164216}
  - component: {fileID: 3665216744452360144}
  - component: {fileID: 9140358190101166597}
  m_Layer: 8
  m_Name: Stroke Manual 0
  m_TagString: Untagged
  m_Icon: {fileID: 0}
  m_NavMeshLayer: 0
  m_StaticEditorFlags: 0
  m_IsActive: 1
--- !u!4 &361494009530329455
Transform:
  m_ObjectHideFlags: 0
  m_CorrespondingSourceObject: {fileID: 0}
  m_PrefabInstance: {fileID: 0}
  m_PrefabAsset: {fileID: 0}
  m_GameObject: {fileID: 3497750318358048971}
  m_LocalRotation: {x: 0, y: 0, z: 0, w: 1}
  m_LocalPosition: {x: 0.042, y: -0, z: 0.07}
  m_LocalScale: {x: 1.32, y: 1.32, z: 1.32}
  m_Children: []
  m_Father: {fileID: 8822635526168218626}
  m_RootOrder: 3
  m_LocalEulerAnglesHint: {x: 0, y: 0, z: 0}
--- !u!114 &1052079557659164216
MonoBehaviour:
  m_ObjectHideFlags: 0
  m_CorrespondingSourceObject: {fileID: 0}
  m_PrefabInstance: {fileID: 0}
  m_PrefabAsset: {fileID: 0}
  m_GameObject: {fileID: 3497750318358048971}
  m_Enabled: 1
  m_EditorHideFlags: 0
  m_Script: {fileID: 11500000, guid: 5120595cb07379d488e526d799bc1e6d, type: 3}
  m_Name: 
  m_EditorClassIdentifier: 
  path: {fileID: 9140358190101166597}
  sections:
  - weight: 1
    colors: 00000000
  options:
  - colors:
    - {r: 0, g: 0, b: 0, a: 1}
    gradient: 0
  - colors:
    - {r: 0.8862745, g: 0.15294118, b: 0.14509805, a: 1}
    gradient: 0
  - colors:
    - {r: 0.06666667, g: 0.46666667, b: 0.65882355, a: 1}
    gradient: 0
  - colors:
    - {r: 0.94509804, g: 0.54509807, b: 0.27058825, a: 1}
    gradient: 0
  brush: {fileID: 3665216744452360144}
  material: {fileID: 2100000, guid: 108036d14a7415f4b95df06c69a79ceb, type: 2}
--- !u!114 &3665216744452360144
MonoBehaviour:
  m_ObjectHideFlags: 0
  m_CorrespondingSourceObject: {fileID: 0}
  m_PrefabInstance: {fileID: 0}
  m_PrefabAsset: {fileID: 0}
  m_GameObject: {fileID: 3497750318358048971}
  m_Enabled: 1
  m_EditorHideFlags: 0
  m_Script: {fileID: 11500000, guid: f6202143f93329f4596fcd4f38f4496e, type: 3}
  m_Name: 
  m_EditorClassIdentifier: 
  tip: {fileID: 4760252478746094373, guid: 0499a74804bbbed4083ca126c34374b8, type: 3}
  size:
    serializedVersion: 2
    m_Curve:
    - serializedVersion: 3
      time: 0
      value: 0.2
      inSlope: 0
      outSlope: 0
      tangentMode: 0
      weightedMode: 3
      inWeight: 0
      outWeight: 0
    - serializedVersion: 3
      time: 1
      value: 0.2
      inSlope: 0
      outSlope: 0
      tangentMode: 0
      weightedMode: 3
      inWeight: 0
      outWeight: 0
    m_PreInfinity: 2
    m_PostInfinity: 2
    m_RotationOrder: 4
  twist: 0
--- !u!114 &9140358190101166597
MonoBehaviour:
  m_ObjectHideFlags: 0
  m_CorrespondingSourceObject: {fileID: 0}
  m_PrefabInstance: {fileID: 0}
  m_PrefabAsset: {fileID: 0}
  m_GameObject: {fileID: 3497750318358048971}
  m_Enabled: 1
  m_EditorHideFlags: 0
  m_Script: {fileID: 11500000, guid: c25f2c3c6d52ab744a70ac080b3e3958, type: 3}
  m_Name: 
  m_EditorClassIdentifier: 
  svgPoints:
  - x: -1.3737533448536077
    y: -0.2198908595660508
  - x: -1.267759740025941
    y: -0.7363097541890545
  - x: -0.9068733801506842
    y: -1.154920966865852
  - x: -0.4281379910560729
    y: -1.3066428333333668
  - x: 0.18199561061256997
    y: -1.5
  - x: 0.8910660130300644
    y: -1.230570197054032
  - x: 1.1949331385964121
    y: -0.6574143814723729
  - x: 1.4539188416248956
    y: -0.1692228108433254
  - x: 1.3395981740654381
    y: 0.40068687566966893
  - x: 1.067910180623609
    y: 0.7821791422193966
  - x: 0.7346866122606597
    y: 1.2500470589549608
  - x: 0.11820185192550707
    y: 1.5
  - x: -0.4281379910560729
    y: 1.3467256220985218
  - x: -0.9250800170482295
    y: 1.2072826399531975
  - x: -1.1696698052987475
    y: 0.7979864285809947
  - x: -1.2185030628868483
    y: 0.7116108322345058
  - x: -1.4539188416248956
    y: 0.29582247040366927
  - x: -1.3942183270351391
    y: -0.10782834885286184
  - x: -1.3737533448536077
    y: -0.2198908595660508
  - x: 0
    y: 0
  - x: 0
    y: 0
  svgCommands: 010000000400000004000000040000000400000004000000040000000400000004000000040000000400000004000000040000000400000004000000040000000400000004000000040000004f00000000000000
  reverse: 0
  offset: 0
--- !u!1 &4801910788695683844
GameObject:
  m_ObjectHideFlags: 0
  m_CorrespondingSourceObject: {fileID: 0}
  m_PrefabInstance: {fileID: 0}
  m_PrefabAsset: {fileID: 0}
  serializedVersion: 6
  m_Component:
  - component: {fileID: 734884619558049700}
  m_Layer: 0
  m_Name: previewCameraTransform
  m_TagString: Untagged
  m_Icon: {fileID: 0}
  m_NavMeshLayer: 0
  m_StaticEditorFlags: 0
  m_IsActive: 1
--- !u!4 &734884619558049700
Transform:
  m_ObjectHideFlags: 0
  m_CorrespondingSourceObject: {fileID: 0}
  m_PrefabInstance: {fileID: 0}
  m_PrefabAsset: {fileID: 0}
  m_GameObject: {fileID: 4801910788695683844}
  m_LocalRotation: {x: 0.5, y: 0, z: 0, w: 0.8660254}
  m_LocalPosition: {x: 0, y: 6.6, z: -3.6}
  m_LocalScale: {x: 1, y: 1, z: 1}
  m_Children: []
  m_Father: {fileID: 4690762919334080477}
  m_RootOrder: 2
  m_LocalEulerAnglesHint: {x: 0, y: 0, z: 0}
--- !u!1 &5153645276201674389
GameObject:
  m_ObjectHideFlags: 0
  m_CorrespondingSourceObject: {fileID: 0}
  m_PrefabInstance: {fileID: 0}
  m_PrefabAsset: {fileID: 0}
  serializedVersion: 6
  m_Component:
  - component: {fileID: 4254501168646791410}
  - component: {fileID: 7614496977193208134}
  m_Layer: 8
  m_Name: Option
  m_TagString: Untagged
  m_Icon: {fileID: 0}
  m_NavMeshLayer: 0
  m_StaticEditorFlags: 0
  m_IsActive: 1
--- !u!4 &4254501168646791410
Transform:
  m_ObjectHideFlags: 0
  m_CorrespondingSourceObject: {fileID: 0}
  m_PrefabInstance: {fileID: 0}
  m_PrefabAsset: {fileID: 0}
  m_GameObject: {fileID: 5153645276201674389}
  m_LocalRotation: {x: -0, y: -0, z: -0, w: 1}
  m_LocalPosition: {x: 0, y: 0, z: 0}
  m_LocalScale: {x: 1, y: 1, z: 1}
  m_Children: []
  m_Father: {fileID: 2205057007175365365}
  m_RootOrder: 1
  m_LocalEulerAnglesHint: {x: 0, y: 0, z: 0}
--- !u!114 &7614496977193208134
MonoBehaviour:
  m_ObjectHideFlags: 0
  m_CorrespondingSourceObject: {fileID: 0}
  m_PrefabInstance: {fileID: 0}
  m_PrefabAsset: {fileID: 0}
  m_GameObject: {fileID: 5153645276201674389}
  m_Enabled: 0
  m_EditorHideFlags: 0
  m_Script: {fileID: 11500000, guid: 552fb6fa4deaccb46ba7fa59819fc06a, type: 3}
  m_Name: 
  m_EditorClassIdentifier: 
  special: 0
  objects:
  - {fileID: 114953481559171704, guid: 3adb52e1b337a79448840f27f074153f, type: 3}
  objectSizeX:
    serializedVersion: 2
    m_Curve:
    - serializedVersion: 3
      time: 0
      value: 0.05
      inSlope: 0
      outSlope: 0
      tangentMode: 0
      weightedMode: 3
      inWeight: 0
      outWeight: 0
    - serializedVersion: 3
      time: 1
      value: 0.06
      inSlope: 0
      outSlope: 0
      tangentMode: 0
      weightedMode: 3
      inWeight: 0
      outWeight: 0
    m_PreInfinity: 2
    m_PostInfinity: 2
    m_RotationOrder: 4
  objectSizeY:
    serializedVersion: 2
    m_Curve:
    - serializedVersion: 3
      time: 0
      value: 0.05
      inSlope: 0
      outSlope: 0
      tangentMode: 0
      weightedMode: 3
      inWeight: 0
      outWeight: 0
    - serializedVersion: 3
      time: 1
      value: 0.06
      inSlope: 0
      outSlope: 0
      tangentMode: 0
      weightedMode: 3
      inWeight: 0
      outWeight: 0
    m_PreInfinity: 2
    m_PostInfinity: 2
    m_RotationOrder: 4
  objectSizeZ:
    serializedVersion: 2
    m_Curve:
    - serializedVersion: 3
      time: 0
      value: 0.05
      inSlope: 0
      outSlope: 0
      tangentMode: 0
      weightedMode: 3
      inWeight: 0
      outWeight: 0
    - serializedVersion: 3
      time: 1
      value: 0.06
      inSlope: 0
      outSlope: 0
      tangentMode: 0
      weightedMode: 3
      inWeight: 0
      outWeight: 0
    m_PreInfinity: 2
    m_PostInfinity: 2
    m_RotationOrder: 4
  rotationX:
    serializedVersion: 2
    m_Curve:
    - serializedVersion: 3
      time: 0
      value: 0
      inSlope: 0
      outSlope: 0
      tangentMode: 0
      weightedMode: 3
      inWeight: 0
      outWeight: 0
    - serializedVersion: 3
      time: 1
      value: 0
      inSlope: 0
      outSlope: 0
      tangentMode: 0
      weightedMode: 3
      inWeight: 0
      outWeight: 0
    m_PreInfinity: 2
    m_PostInfinity: 2
    m_RotationOrder: 4
  rotationY:
    serializedVersion: 2
    m_Curve:
    - serializedVersion: 3
      time: 0
      value: 0
      inSlope: 0
      outSlope: 0
      tangentMode: 0
      weightedMode: 3
      inWeight: 0
      outWeight: 0
    - serializedVersion: 3
      time: 1
      value: 0
      inSlope: 0
      outSlope: 0
      tangentMode: 0
      weightedMode: 3
      inWeight: 0
      outWeight: 0
    m_PreInfinity: 2
    m_PostInfinity: 2
    m_RotationOrder: 4
  rotationZ:
    serializedVersion: 2
    m_Curve:
    - serializedVersion: 3
      time: 0
      value: 0
      inSlope: 0
      outSlope: 0
      tangentMode: 0
      weightedMode: 3
      inWeight: 0
      outWeight: 0
    - serializedVersion: 3
      time: 1
      value: 360
      inSlope: 0
      outSlope: 0
      tangentMode: 0
      weightedMode: 3
      inWeight: 0
      outWeight: 0
    m_PreInfinity: 2
    m_PostInfinity: 2
    m_RotationOrder: 4
  color:
    serializedVersion: 2
    key0: {r: 1, g: 0.9196447, b: 0.07843137, a: 1}
    key1: {r: 0.21856683, g: 1, b: 0.08018869, a: 1}
    key2: {r: 1, g: 0.07843137, b: 0.46137494, a: 0}
    key3: {r: 1, g: 0.07843137, b: 0.46137494, a: 0}
    key4: {r: 1, g: 0.07843137, b: 0.46137494, a: 0}
    key5: {r: 1, g: 0.07843137, b: 0.46137494, a: 0}
    key6: {r: 1, g: 0.8209606, b: 0.07843137, a: 0}
    key7: {r: 0, g: 0, b: 0, a: 0}
    ctime0: 0
    ctime1: 65535
    ctime2: 57054
    ctime3: 57054
    ctime4: 57054
    ctime5: 57054
    ctime6: 65150
    ctime7: 0
    atime0: 0
    atime1: 65535
    atime2: 0
    atime3: 0
    atime4: 0
    atime5: 0
    atime6: 0
    atime7: 0
    m_Mode: 0
    m_NumColorKeys: 2
    m_NumAlphaKeys: 2
  spacing: 0.1
  radius: 0.4
  count: 2
  sprinklePreviewType: 5
--- !u!1 &6704185688925429975
GameObject:
  m_ObjectHideFlags: 0
  m_CorrespondingSourceObject: {fileID: 0}
  m_PrefabInstance: {fileID: 0}
  m_PrefabAsset: {fileID: 0}
  serializedVersion: 6
  m_Component:
  - component: {fileID: 4760652322794076559}
  - component: {fileID: 732658335847254933}
  m_Layer: 8
  m_Name: Option
  m_TagString: Untagged
  m_Icon: {fileID: 0}
  m_NavMeshLayer: 0
  m_StaticEditorFlags: 0
  m_IsActive: 1
--- !u!4 &4760652322794076559
Transform:
  m_ObjectHideFlags: 0
  m_CorrespondingSourceObject: {fileID: 0}
  m_PrefabInstance: {fileID: 0}
  m_PrefabAsset: {fileID: 0}
  m_GameObject: {fileID: 6704185688925429975}
  m_LocalRotation: {x: -0, y: -0, z: -0, w: 1}
  m_LocalPosition: {x: 0, y: 0, z: 0}
  m_LocalScale: {x: 1, y: 1, z: 1}
  m_Children: []
  m_Father: {fileID: 2205057007175365365}
  m_RootOrder: 4
  m_LocalEulerAnglesHint: {x: 0, y: 0, z: 0}
--- !u!114 &732658335847254933
MonoBehaviour:
  m_ObjectHideFlags: 0
  m_CorrespondingSourceObject: {fileID: 0}
  m_PrefabInstance: {fileID: 0}
  m_PrefabAsset: {fileID: 0}
  m_GameObject: {fileID: 6704185688925429975}
  m_Enabled: 0
  m_EditorHideFlags: 0
  m_Script: {fileID: 11500000, guid: 552fb6fa4deaccb46ba7fa59819fc06a, type: 3}
  m_Name: 
  m_EditorClassIdentifier: 
  special: 0
  objects:
  - {fileID: 114986966024178736, guid: ab37bdefbae5a66439cc1215a71ecb11, type: 3}
  - {fileID: 2647852329520218456, guid: 8d4f907bba59f6e42b73731e08670013, type: 3}
  objectSizeX:
    serializedVersion: 2
    m_Curve:
    - serializedVersion: 3
      time: 0
      value: 0.05
      inSlope: 0
      outSlope: 0
      tangentMode: 0
      weightedMode: 3
      inWeight: 0
      outWeight: 0
    - serializedVersion: 3
      time: 1
      value: 0.06
      inSlope: 0
      outSlope: 0
      tangentMode: 0
      weightedMode: 3
      inWeight: 0
      outWeight: 0
    m_PreInfinity: 2
    m_PostInfinity: 2
    m_RotationOrder: 4
  objectSizeY:
    serializedVersion: 2
    m_Curve:
    - serializedVersion: 3
      time: 0
      value: 0.05
      inSlope: 0
      outSlope: 0
      tangentMode: 0
      weightedMode: 3
      inWeight: 0
      outWeight: 0
    - serializedVersion: 3
      time: 1
      value: 0.06
      inSlope: 0
      outSlope: 0
      tangentMode: 0
      weightedMode: 3
      inWeight: 0
      outWeight: 0
    m_PreInfinity: 2
    m_PostInfinity: 2
    m_RotationOrder: 4
  objectSizeZ:
    serializedVersion: 2
    m_Curve:
    - serializedVersion: 3
      time: 0
      value: 0.05
      inSlope: 0
      outSlope: 0
      tangentMode: 0
      weightedMode: 3
      inWeight: 0
      outWeight: 0
    - serializedVersion: 3
      time: 1
      value: 0.06
      inSlope: 0
      outSlope: 0
      tangentMode: 0
      weightedMode: 3
      inWeight: 0
      outWeight: 0
    m_PreInfinity: 2
    m_PostInfinity: 2
    m_RotationOrder: 4
  rotationX:
    serializedVersion: 2
    m_Curve:
    - serializedVersion: 3
      time: 0
      value: 0
      inSlope: 0
      outSlope: 0
      tangentMode: 0
      weightedMode: 3
      inWeight: 0
      outWeight: 0
    - serializedVersion: 3
      time: 1
      value: 0
      inSlope: 0
      outSlope: 0
      tangentMode: 0
      weightedMode: 3
      inWeight: 0
      outWeight: 0
    m_PreInfinity: 2
    m_PostInfinity: 2
    m_RotationOrder: 4
  rotationY:
    serializedVersion: 2
    m_Curve:
    - serializedVersion: 3
      time: 0
      value: 0
      inSlope: 0
      outSlope: 0
      tangentMode: 0
      weightedMode: 3
      inWeight: 0
      outWeight: 0
    - serializedVersion: 3
      time: 1
      value: 0
      inSlope: 0
      outSlope: 0
      tangentMode: 0
      weightedMode: 3
      inWeight: 0
      outWeight: 0
    m_PreInfinity: 2
    m_PostInfinity: 2
    m_RotationOrder: 4
  rotationZ:
    serializedVersion: 2
    m_Curve:
    - serializedVersion: 3
      time: 0
      value: 0
      inSlope: 0
      outSlope: 0
      tangentMode: 0
      weightedMode: 3
      inWeight: 0
      outWeight: 0
    - serializedVersion: 3
      time: 1
      value: 360
      inSlope: 0
      outSlope: 0
      tangentMode: 0
      weightedMode: 3
      inWeight: 0
      outWeight: 0
    m_PreInfinity: 2
    m_PostInfinity: 2
    m_RotationOrder: 4
  color:
    serializedVersion: 2
    key0: {r: 1, g: 0.07843137, b: 0.46137494, a: 1}
    key1: {r: 1, g: 0.07843137, b: 0.46137494, a: 1}
    key2: {r: 1, g: 0.07843137, b: 0.46137494, a: 0}
    key3: {r: 1, g: 0.07843137, b: 0.46137494, a: 0}
    key4: {r: 1, g: 0.07843137, b: 0.46137494, a: 0}
    key5: {r: 1, g: 0.8209606, b: 0.07843137, a: 0}
    key6: {r: 1, g: 0.8209606, b: 0.07843137, a: 0}
    key7: {r: 0, g: 0, b: 0, a: 0}
    ctime0: 0
    ctime1: 65535
    ctime2: 57054
    ctime3: 57054
    ctime4: 57054
    ctime5: 64571
    ctime6: 64571
    ctime7: 0
    atime0: 0
    atime1: 65535
    atime2: 0
    atime3: 0
    atime4: 0
    atime5: 0
    atime6: 0
    atime7: 0
    m_Mode: 0
    m_NumColorKeys: 2
    m_NumAlphaKeys: 2
  spacing: 0.1
  radius: 0.4
  count: 2
  sprinklePreviewType: 0
--- !u!1 &7199400206309123660
GameObject:
  m_ObjectHideFlags: 0
  m_CorrespondingSourceObject: {fileID: 0}
  m_PrefabInstance: {fileID: 0}
  m_PrefabAsset: {fileID: 0}
  serializedVersion: 6
  m_Component:
  - component: {fileID: 3670959270764936734}
  - component: {fileID: 9105609129125861699}
  - component: {fileID: 6459290204974561555}
  - component: {fileID: 7646565483460034826}
  m_Layer: 8
  m_Name: Stroke Manual 6
  m_TagString: Untagged
  m_Icon: {fileID: 0}
  m_NavMeshLayer: 0
  m_StaticEditorFlags: 0
  m_IsActive: 1
--- !u!4 &3670959270764936734
Transform:
  m_ObjectHideFlags: 0
  m_CorrespondingSourceObject: {fileID: 0}
  m_PrefabInstance: {fileID: 0}
  m_PrefabAsset: {fileID: 0}
  m_GameObject: {fileID: 7199400206309123660}
  m_LocalRotation: {x: 0, y: 0, z: 0, w: 1}
  m_LocalPosition: {x: 0.042, y: -0.108, z: 0.07}
  m_LocalScale: {x: 1.32, y: 1.32, z: 1.32}
  m_Children: []
  m_Father: {fileID: 8822635526168218626}
  m_RootOrder: 7
  m_LocalEulerAnglesHint: {x: 0, y: 0, z: 0}
--- !u!114 &9105609129125861699
MonoBehaviour:
  m_ObjectHideFlags: 0
  m_CorrespondingSourceObject: {fileID: 0}
  m_PrefabInstance: {fileID: 0}
  m_PrefabAsset: {fileID: 0}
  m_GameObject: {fileID: 7199400206309123660}
  m_Enabled: 1
  m_EditorHideFlags: 0
  m_Script: {fileID: 11500000, guid: 5120595cb07379d488e526d799bc1e6d, type: 3}
  m_Name: 
  m_EditorClassIdentifier: 
  path: {fileID: 7646565483460034826}
  sections:
  - weight: 1
    colors: 01000000
  options:
  - colors:
    - {r: 0, g: 0, b: 0, a: 1}
    gradient: 0
  - colors:
    - {r: 0.8862745, g: 0.15294118, b: 0.14509805, a: 1}
    gradient: 0
  - colors:
    - {r: 0.06666667, g: 0.46666667, b: 0.65882355, a: 1}
    gradient: 0
  - colors:
    - {r: 0.94509804, g: 0.54509807, b: 0.27058825, a: 1}
    gradient: 0
  brush: {fileID: 6459290204974561555}
  material: {fileID: 2100000, guid: 108036d14a7415f4b95df06c69a79ceb, type: 2}
--- !u!114 &6459290204974561555
MonoBehaviour:
  m_ObjectHideFlags: 0
  m_CorrespondingSourceObject: {fileID: 0}
  m_PrefabInstance: {fileID: 0}
  m_PrefabAsset: {fileID: 0}
  m_GameObject: {fileID: 7199400206309123660}
  m_Enabled: 1
  m_EditorHideFlags: 0
  m_Script: {fileID: 11500000, guid: f6202143f93329f4596fcd4f38f4496e, type: 3}
  m_Name: 
  m_EditorClassIdentifier: 
  tip: {fileID: 4760252478746094373, guid: 0499a74804bbbed4083ca126c34374b8, type: 3}
  size:
    serializedVersion: 2
    m_Curve:
    - serializedVersion: 3
      time: 0
      value: 0.2
      inSlope: 0
      outSlope: 0
      tangentMode: 0
      weightedMode: 3
      inWeight: 0
      outWeight: 0
    - serializedVersion: 3
      time: 1
      value: 0.2
      inSlope: 0
      outSlope: 0
      tangentMode: 0
      weightedMode: 3
      inWeight: 0
      outWeight: 0
    m_PreInfinity: 2
    m_PostInfinity: 2
    m_RotationOrder: 4
  twist: 0
--- !u!114 &7646565483460034826
MonoBehaviour:
  m_ObjectHideFlags: 0
  m_CorrespondingSourceObject: {fileID: 0}
  m_PrefabInstance: {fileID: 0}
  m_PrefabAsset: {fileID: 0}
  m_GameObject: {fileID: 7199400206309123660}
  m_Enabled: 1
  m_EditorHideFlags: 0
  m_Script: {fileID: 11500000, guid: c25f2c3c6d52ab744a70ac080b3e3958, type: 3}
  m_Name: 
  m_EditorClassIdentifier: 
  svgPoints:
  - x: -0.1289281844342235
    y: 1.3961234390879453
  - x: -0.15009867742969069
    y: 1.3899134278429244
  - x: -0.27246412802027803
    y: 1.3518065389368519
  - x: -0.33188264556594943
    y: 1.231981548447909
  - x: -0.341338799339472
    y: 1.2127869679301213
  - x: -0.3905954773198046
    y: 1.1135679194477213
  - x: -0.34670198998978463
    y: 1.016183657052507
  - x: -0.28319051100338305
    y: 0.8751881769330563
  - x: -0.05525487513612101
    y: 0.805748958831137
  - x: 0.05426714519079016
    y: 0.8847854579383123
  - x: 0.11608498635273481
    y: 0.9293846310601486
  - x: 0.15574437575665315
    y: 1.0326966292059214
  - x: 0.10874587901854368
    y: 1.0959258419514986
  - x: 0.05511396410301863
    y: 1.1680466566404342
  - x: -0.09547881384648423
    y: 1.16663529178672
  - x: -0.1338679782470191
    y: 1.1052408592396497
  - x: -0.15433278881562923
    y: 1.072497164348849
  - x: -0.1389488967678288
    y: 1.028885949989572
  - x: -0.12892819663220073
    y: 1.0067274982315457
  - x: 607.7000113427639
    y: 277.5900004506111
  svgCommands: 0100000004000000040000000400000004000000040000000400000004000000040000000400000004000000040000000400000004000000040000000400000004000000040000000400000000000000
  reverse: 0
  offset: 0
--- !u!1 &7469935979095627119
GameObject:
  m_ObjectHideFlags: 0
  m_CorrespondingSourceObject: {fileID: 0}
  m_PrefabInstance: {fileID: 0}
  m_PrefabAsset: {fileID: 0}
  serializedVersion: 6
  m_Component:
  - component: {fileID: 2205057007175365365}
  m_Layer: 8
  m_Name: Options
  m_TagString: Untagged
  m_Icon: {fileID: 0}
  m_NavMeshLayer: 0
  m_StaticEditorFlags: 0
  m_IsActive: 1
--- !u!4 &2205057007175365365
Transform:
  m_ObjectHideFlags: 0
  m_CorrespondingSourceObject: {fileID: 0}
  m_PrefabInstance: {fileID: 0}
  m_PrefabAsset: {fileID: 0}
  m_GameObject: {fileID: 7469935979095627119}
  m_LocalRotation: {x: 0, y: 0, z: 0, w: 1}
  m_LocalPosition: {x: 0, y: 0, z: 0}
  m_LocalScale: {x: 1, y: 1, z: 1}
  m_Children:
  - {fileID: 592624682099215658}
  - {fileID: 4254501168646791410}
  - {fileID: 5431017566156050599}
  - {fileID: 375056498244659602}
  - {fileID: 4760652322794076559}
  m_Father: {fileID: 3323835131859974160}
  m_RootOrder: 0
  m_LocalEulerAnglesHint: {x: 0, y: 0, z: 0}
--- !u!1 &8461298439635610934
GameObject:
  m_ObjectHideFlags: 0
  m_CorrespondingSourceObject: {fileID: 0}
  m_PrefabInstance: {fileID: 0}
  m_PrefabAsset: {fileID: 0}
  serializedVersion: 6
  m_Component:
  - component: {fileID: 592624682099215658}
  - component: {fileID: 4380505851850867183}
  m_Layer: 8
  m_Name: Option
  m_TagString: Untagged
  m_Icon: {fileID: 0}
  m_NavMeshLayer: 0
  m_StaticEditorFlags: 0
  m_IsActive: 1
--- !u!4 &592624682099215658
Transform:
  m_ObjectHideFlags: 0
  m_CorrespondingSourceObject: {fileID: 0}
  m_PrefabInstance: {fileID: 0}
  m_PrefabAsset: {fileID: 0}
  m_GameObject: {fileID: 8461298439635610934}
  m_LocalRotation: {x: -0, y: -0, z: -0, w: 1}
  m_LocalPosition: {x: 0, y: 0, z: 0}
  m_LocalScale: {x: 1, y: 1, z: 1}
  m_Children: []
  m_Father: {fileID: 2205057007175365365}
  m_RootOrder: 0
  m_LocalEulerAnglesHint: {x: 0, y: 0, z: 0}
--- !u!114 &4380505851850867183
MonoBehaviour:
  m_ObjectHideFlags: 0
  m_CorrespondingSourceObject: {fileID: 0}
  m_PrefabInstance: {fileID: 0}
  m_PrefabAsset: {fileID: 0}
  m_GameObject: {fileID: 8461298439635610934}
  m_Enabled: 0
  m_EditorHideFlags: 0
  m_Script: {fileID: 11500000, guid: 552fb6fa4deaccb46ba7fa59819fc06a, type: 3}
  m_Name: 
  m_EditorClassIdentifier: 
  special: 0
  objects:
  - {fileID: 3737605343110615987, guid: 40833d34e63999b409cd9d72616937bb, type: 3}
  objectSizeX:
    serializedVersion: 2
    m_Curve:
    - serializedVersion: 3
      time: 0.009113312
      value: 0.13032226
      inSlope: 0
      outSlope: 0
      tangentMode: 0
      weightedMode: 3
      inWeight: 0
      outWeight: 0
    - serializedVersion: 3
      time: 0.99472046
      value: 0.1288324
      inSlope: 0
      outSlope: 0
      tangentMode: 0
      weightedMode: 3
      inWeight: 0
      outWeight: 0
    m_PreInfinity: 2
    m_PostInfinity: 2
    m_RotationOrder: 4
  objectSizeY:
    serializedVersion: 2
    m_Curve:
    - serializedVersion: 3
      time: 0.009113312
      value: 0.13032226
      inSlope: 0
      outSlope: 0
      tangentMode: 0
      weightedMode: 3
      inWeight: 0
      outWeight: 0
    - serializedVersion: 3
      time: 0.99472046
      value: 0.1288324
      inSlope: 0
      outSlope: 0
      tangentMode: 0
      weightedMode: 3
      inWeight: 0
      outWeight: 0
    m_PreInfinity: 2
    m_PostInfinity: 2
    m_RotationOrder: 4
  objectSizeZ:
    serializedVersion: 2
    m_Curve:
    - serializedVersion: 3
      time: 0
      value: 0.05
      inSlope: 0
      outSlope: 0
      tangentMode: 0
      weightedMode: 3
      inWeight: 0
      outWeight: 0
    - serializedVersion: 3
      time: 1
      value: 0.06
      inSlope: 0
      outSlope: 0
      tangentMode: 0
      weightedMode: 3
      inWeight: 0
      outWeight: 0
    m_PreInfinity: 2
    m_PostInfinity: 2
    m_RotationOrder: 4
  rotationX:
    serializedVersion: 2
    m_Curve:
    - serializedVersion: 3
      time: 0
      value: 0
      inSlope: 0
      outSlope: 0
      tangentMode: 0
      weightedMode: 3
      inWeight: 0
      outWeight: 0
    - serializedVersion: 3
      time: 1
      value: 0
      inSlope: 0
      outSlope: 0
      tangentMode: 0
      weightedMode: 3
      inWeight: 0
      outWeight: 0
    m_PreInfinity: 2
    m_PostInfinity: 2
    m_RotationOrder: 4
  rotationY:
    serializedVersion: 2
    m_Curve:
    - serializedVersion: 3
      time: 0
      value: 0
      inSlope: 0
      outSlope: 0
      tangentMode: 0
      weightedMode: 3
      inWeight: 0
      outWeight: 0
    - serializedVersion: 3
      time: 1
      value: 0
      inSlope: 0
      outSlope: 0
      tangentMode: 0
      weightedMode: 3
      inWeight: 0
      outWeight: 0
    m_PreInfinity: 2
    m_PostInfinity: 2
    m_RotationOrder: 4
  rotationZ:
    serializedVersion: 2
    m_Curve:
    - serializedVersion: 3
      time: 0
      value: 0
      inSlope: 0
      outSlope: 0
      tangentMode: 0
      weightedMode: 3
      inWeight: 0
      outWeight: 0
    - serializedVersion: 3
      time: 1
      value: 360
      inSlope: 0
      outSlope: 0
      tangentMode: 0
      weightedMode: 3
      inWeight: 0
      outWeight: 0
    m_PreInfinity: 2
    m_PostInfinity: 2
    m_RotationOrder: 4
  color:
    serializedVersion: 2
    key0: {r: 0.054378804, g: 0.6166714, b: 0.8867924, a: 1}
    key1: {r: 0.8584906, g: 0.22628075, b: 0.16602883, a: 1}
    key2: {r: 0.07843137, g: 1, b: 0.81982154, a: 0}
    key3: {r: 0.07843137, g: 0.4779123, b: 1, a: 0}
    key4: {r: 0.62513065, g: 0.07843137, b: 1, a: 0}
    key5: {r: 1, g: 0.07843137, b: 0.46137494, a: 0}
    key6: {r: 1, g: 0.8209606, b: 0.07843137, a: 0}
    key7: {r: 0, g: 0, b: 0, a: 0}
    ctime0: 0
    ctime1: 65535
    ctime2: 22552
    ctime3: 37201
    ctime4: 49151
    ctime5: 57054
    ctime6: 64571
    ctime7: 0
    atime0: 0
    atime1: 65535
    atime2: 0
    atime3: 0
    atime4: 0
    atime5: 0
    atime6: 0
    atime7: 0
    m_Mode: 0
    m_NumColorKeys: 2
    m_NumAlphaKeys: 2
  spacing: 0.051
  radius: 0.83
  count: 2
  sprinklePreviewType: 5
--- !u!1 &8787180339760502303
GameObject:
  m_ObjectHideFlags: 0
  m_CorrespondingSourceObject: {fileID: 0}
  m_PrefabInstance: {fileID: 0}
  m_PrefabAsset: {fileID: 0}
  serializedVersion: 6
  m_Component:
  - component: {fileID: 6831128869224697229}
  - component: {fileID: 7654823863844281993}
  - component: {fileID: 8086376728927559397}
  - component: {fileID: 3355681111396380220}
  m_Layer: 8
  m_Name: Stroke Manual 1
  m_TagString: Untagged
  m_Icon: {fileID: 0}
  m_NavMeshLayer: 0
  m_StaticEditorFlags: 0
  m_IsActive: 1
--- !u!4 &6831128869224697229
Transform:
  m_ObjectHideFlags: 0
  m_CorrespondingSourceObject: {fileID: 0}
  m_PrefabInstance: {fileID: 0}
  m_PrefabAsset: {fileID: 0}
  m_GameObject: {fileID: 8787180339760502303}
  m_LocalRotation: {x: 0, y: 0, z: 0, w: 1}
  m_LocalPosition: {x: 0.042, y: -0, z: 0.07}
  m_LocalScale: {x: 1.32, y: 1.32, z: 1.32}
  m_Children: []
  m_Father: {fileID: 8822635526168218626}
  m_RootOrder: 4
  m_LocalEulerAnglesHint: {x: 0, y: 0, z: 0}
--- !u!114 &7654823863844281993
MonoBehaviour:
  m_ObjectHideFlags: 0
  m_CorrespondingSourceObject: {fileID: 0}
  m_PrefabInstance: {fileID: 0}
  m_PrefabAsset: {fileID: 0}
  m_GameObject: {fileID: 8787180339760502303}
  m_Enabled: 1
  m_EditorHideFlags: 0
  m_Script: {fileID: 11500000, guid: 5120595cb07379d488e526d799bc1e6d, type: 3}
  m_Name: 
  m_EditorClassIdentifier: 
  path: {fileID: 3355681111396380220}
  sections:
  - weight: 1
    colors: 02000000
  options:
  - colors:
    - {r: 0, g: 0, b: 0, a: 1}
    gradient: 0
  - colors:
    - {r: 0.8862745, g: 0.15294118, b: 0.14509805, a: 1}
    gradient: 0
  - colors:
    - {r: 0.06666667, g: 0.46666667, b: 0.65882355, a: 1}
    gradient: 0
  - colors:
    - {r: 0.94509804, g: 0.54509807, b: 0.27058825, a: 1}
    gradient: 0
  brush: {fileID: 8086376728927559397}
  material: {fileID: 2100000, guid: 108036d14a7415f4b95df06c69a79ceb, type: 2}
--- !u!114 &8086376728927559397
MonoBehaviour:
  m_ObjectHideFlags: 0
  m_CorrespondingSourceObject: {fileID: 0}
  m_PrefabInstance: {fileID: 0}
  m_PrefabAsset: {fileID: 0}
  m_GameObject: {fileID: 8787180339760502303}
  m_Enabled: 1
  m_EditorHideFlags: 0
  m_Script: {fileID: 11500000, guid: f6202143f93329f4596fcd4f38f4496e, type: 3}
  m_Name: 
  m_EditorClassIdentifier: 
  tip: {fileID: 4760252478746094373, guid: 0499a74804bbbed4083ca126c34374b8, type: 3}
  size:
    serializedVersion: 2
    m_Curve:
    - serializedVersion: 3
      time: 0
      value: 0.2
      inSlope: 0
      outSlope: 0
      tangentMode: 0
      weightedMode: 3
      inWeight: 0
      outWeight: 0
    - serializedVersion: 3
      time: 1
      value: 0.2
      inSlope: 0
      outSlope: 0
      tangentMode: 0
      weightedMode: 3
      inWeight: 0
      outWeight: 0
    m_PreInfinity: 2
    m_PostInfinity: 2
    m_RotationOrder: 4
  twist: 0
--- !u!114 &3355681111396380220
MonoBehaviour:
  m_ObjectHideFlags: 0
  m_CorrespondingSourceObject: {fileID: 0}
  m_PrefabInstance: {fileID: 0}
  m_PrefabAsset: {fileID: 0}
  m_GameObject: {fileID: 8787180339760502303}
  m_Enabled: 1
  m_EditorHideFlags: 0
  m_Script: {fileID: 11500000, guid: c25f2c3c6d52ab744a70ac080b3e3958, type: 3}
  m_Name: 
  m_EditorClassIdentifier: 
  svgPoints:
  - x: -1.3878670068505858
    y: 0.09823120244597541
  - x: -1.3362110027302605
    y: 0.05292634689728213
  - x: -1.2557631354044119
    y: -0.022158330619493707
  - x: -1.1672704682226371
    y: -0.12476465979824647
  - x: -1.025710442161701
    y: -0.2890476902886132
  - x: -0.9871801379108354
    y: -0.3807864798091341
  - x: -0.919011151542218
    y: -0.37570557979560026
  - x: -0.8790694891675569
    y: -0.3727417108687712
  - x: -0.8546528536435879
    y: -0.33844551064299594
  - x: -0.7259362511164094
    y: -0.12476465979824647
  - x: -0.5879046405547176
    y: 0.10458234765264818
  - x: -0.5630645922096752
    y: 0.15313335245976165
  - x: -0.5190299683942838
    y: 0.15398016464207165
  - x: -0.4764067094326066
    y: 0.15482698434296244
  - x: -0.4476148394971647
    y: 0.11051008676816594
  - x: -0.3121236856721583
    y: -0.11093327750192963
  - x: -0.1571556834060602
    y: -0.364132381265226
  - x: -0.12667016218632438
    y: -0.4171997536042247
  - x: -0.07769575128805592
    y: -0.4176231462355427
  - x: -0.03323771465159111
    y: -0.417905419469173
  - x: -0.006280622390936792
    y: -0.3745764778177512
  - x: 0.12921053143406958
    y: -0.1666822262381889
  - x: 0.30478448075414927
    y: 0.10288872328802819
  - x: 0.3417622870308885
    y: 0.15623834840801423
  - x: 0.39130123041080567
    y: 0.15398016464207165
  - x: 0.4213633320795495
    y: 0.15256879842134283
  - x: 0.4491672432524323
    y: 0.13083375916892506
  - x: 0.5705447350804606
    y: -0.08298823320863467
  - x: 0.7163388624324577
    y: -0.3397157524711756
  - x: 0.7351100318116517
    y: -0.4119776868206862
  - x: 0.7911412737084091
    y: -0.417482033304886
  - x: 0.8607216249307407
    y: -0.4242565909120123
  - x: 0.9032037507720058
    y: -0.31995663105934097
  - x: 1.0394005903888284
    y: -0.1525685911608847
  - x: 1.1493460168068945
    y: -0.017359710306621142
  - x: 1.2556218878753855
    y: 0.07917773990628318
  - x: 1.3290129410275413
    y: 0.1401487554260809
  - x: 711.0000009536743
    y: 338.98999309539795
  svgCommands: 0100000004000000040000000400000004000000040000000400000004000000040000000400000004000000040000000400000004000000040000000400000004000000040000000400000004000000040000000400000004000000040000000400000004000000040000000400000004000000040000000400000004000000040000000400000004000000040000000400000000000000
  reverse: 0
  offset: 0
--- !u!1 &9109263431563336657
GameObject:
  m_ObjectHideFlags: 0
  m_CorrespondingSourceObject: {fileID: 0}
  m_PrefabInstance: {fileID: 0}
  m_PrefabAsset: {fileID: 0}
  serializedVersion: 6
  m_Component:
  - component: {fileID: 375056498244659602}
  - component: {fileID: 5622053441680955027}
  m_Layer: 8
  m_Name: Option
  m_TagString: Untagged
  m_Icon: {fileID: 0}
  m_NavMeshLayer: 0
  m_StaticEditorFlags: 0
  m_IsActive: 1
--- !u!4 &375056498244659602
Transform:
  m_ObjectHideFlags: 0
  m_CorrespondingSourceObject: {fileID: 0}
  m_PrefabInstance: {fileID: 0}
  m_PrefabAsset: {fileID: 0}
  m_GameObject: {fileID: 9109263431563336657}
  m_LocalRotation: {x: -0, y: -0, z: -0, w: 1}
  m_LocalPosition: {x: 0, y: 0, z: 0}
  m_LocalScale: {x: 1, y: 1, z: 1}
  m_Children: []
  m_Father: {fileID: 2205057007175365365}
  m_RootOrder: 3
  m_LocalEulerAnglesHint: {x: 0, y: 0, z: 0}
--- !u!114 &5622053441680955027
MonoBehaviour:
  m_ObjectHideFlags: 0
  m_CorrespondingSourceObject: {fileID: 0}
  m_PrefabInstance: {fileID: 0}
  m_PrefabAsset: {fileID: 0}
  m_GameObject: {fileID: 9109263431563336657}
  m_Enabled: 0
  m_EditorHideFlags: 0
  m_Script: {fileID: 11500000, guid: 552fb6fa4deaccb46ba7fa59819fc06a, type: 3}
  m_Name: 
  m_EditorClassIdentifier: 
  special: 0
  objects:
  - {fileID: 114986966024178736, guid: ab37bdefbae5a66439cc1215a71ecb11, type: 3}
  - {fileID: 2647852329520218456, guid: 8d4f907bba59f6e42b73731e08670013, type: 3}
  objectSizeX:
    serializedVersion: 2
    m_Curve:
    - serializedVersion: 3
      time: 0
      value: 0.05
      inSlope: 0
      outSlope: 0
      tangentMode: 0
      weightedMode: 3
      inWeight: 0
      outWeight: 0
    - serializedVersion: 3
      time: 1
      value: 0.06
      inSlope: 0
      outSlope: 0
      tangentMode: 0
      weightedMode: 3
      inWeight: 0
      outWeight: 0
    m_PreInfinity: 2
    m_PostInfinity: 2
    m_RotationOrder: 4
  objectSizeY:
    serializedVersion: 2
    m_Curve:
    - serializedVersion: 3
      time: 0
      value: 0.05
      inSlope: 0
      outSlope: 0
      tangentMode: 0
      weightedMode: 3
      inWeight: 0
      outWeight: 0
    - serializedVersion: 3
      time: 1
      value: 0.06
      inSlope: 0
      outSlope: 0
      tangentMode: 0
      weightedMode: 3
      inWeight: 0
      outWeight: 0
    m_PreInfinity: 2
    m_PostInfinity: 2
    m_RotationOrder: 4
  objectSizeZ:
    serializedVersion: 2
    m_Curve:
    - serializedVersion: 3
      time: 0
      value: 0.05
      inSlope: 0
      outSlope: 0
      tangentMode: 0
      weightedMode: 3
      inWeight: 0
      outWeight: 0
    - serializedVersion: 3
      time: 1
      value: 0.06
      inSlope: 0
      outSlope: 0
      tangentMode: 0
      weightedMode: 3
      inWeight: 0
      outWeight: 0
    m_PreInfinity: 2
    m_PostInfinity: 2
    m_RotationOrder: 4
  rotationX:
    serializedVersion: 2
    m_Curve:
    - serializedVersion: 3
      time: 0
      value: 0
      inSlope: 0
      outSlope: 0
      tangentMode: 0
      weightedMode: 3
      inWeight: 0
      outWeight: 0
    - serializedVersion: 3
      time: 1
      value: 0
      inSlope: 0
      outSlope: 0
      tangentMode: 0
      weightedMode: 3
      inWeight: 0
      outWeight: 0
    m_PreInfinity: 2
    m_PostInfinity: 2
    m_RotationOrder: 4
  rotationY:
    serializedVersion: 2
    m_Curve:
    - serializedVersion: 3
      time: 0
      value: 0
      inSlope: 0
      outSlope: 0
      tangentMode: 0
      weightedMode: 3
      inWeight: 0
      outWeight: 0
    - serializedVersion: 3
      time: 1
      value: 0
      inSlope: 0
      outSlope: 0
      tangentMode: 0
      weightedMode: 3
      inWeight: 0
      outWeight: 0
    m_PreInfinity: 2
    m_PostInfinity: 2
    m_RotationOrder: 4
  rotationZ:
    serializedVersion: 2
    m_Curve:
    - serializedVersion: 3
      time: 0
      value: 0
      inSlope: 0
      outSlope: 0
      tangentMode: 0
      weightedMode: 3
      inWeight: 0
      outWeight: 0
    - serializedVersion: 3
      time: 1
      value: 360
      inSlope: 0
      outSlope: 0
      tangentMode: 0
      weightedMode: 3
      inWeight: 0
      outWeight: 0
    m_PreInfinity: 2
    m_PostInfinity: 2
    m_RotationOrder: 4
  color:
    serializedVersion: 2
    key0: {r: 0.62513065, g: 0.07843137, b: 1, a: 1}
    key1: {r: 0.62513065, g: 0.07843137, b: 1, a: 1}
    key2: {r: 0.62513065, g: 0.07843137, b: 1, a: 0}
    key3: {r: 0.62513065, g: 0.07843137, b: 1, a: 0}
    key4: {r: 0.62513065, g: 0.07843137, b: 1, a: 0}
    key5: {r: 1, g: 0.8209606, b: 0.07843137, a: 0}
    key6: {r: 1, g: 0.8209606, b: 0.07843137, a: 0}
    key7: {r: 0, g: 0, b: 0, a: 0}
    ctime0: 0
    ctime1: 65535
    ctime2: 49151
    ctime3: 49151
    ctime4: 49151
    ctime5: 65342
    ctime6: 64571
    ctime7: 0
    atime0: 0
    atime1: 65535
    atime2: 0
    atime3: 0
    atime4: 0
    atime5: 0
    atime6: 0
    atime7: 0
    m_Mode: 0
    m_NumColorKeys: 2
    m_NumAlphaKeys: 2
  spacing: 0.1
  radius: 0.4
  count: 2
  sprinklePreviewType: 0
--- !u!1001 &7196200102609874701
PrefabInstance:
  m_ObjectHideFlags: 0
  serializedVersion: 2
  m_Modification:
    m_TransformParent: {fileID: 4690762919334080477}
    m_Modifications:
    - target: {fileID: 794801451098536653, guid: 5efbd8c274f69974e86b120984fbe81b,
        type: 3}
      propertyPath: cakeTexture
      value: 
      objectReference: {fileID: 2800000, guid: 136c6adf66e5d904a8a25c1c9e0a6ff7, type: 3}
    - target: {fileID: 794801451098536653, guid: 5efbd8c274f69974e86b120984fbe81b,
        type: 3}
      propertyPath: toppingColor.b
      value: 0.91171235
      objectReference: {fileID: 0}
    - target: {fileID: 794801451098536653, guid: 5efbd8c274f69974e86b120984fbe81b,
        type: 3}
      propertyPath: toppingColor.g
      value: 0.91171235
      objectReference: {fileID: 0}
    - target: {fileID: 794801451098536653, guid: 5efbd8c274f69974e86b120984fbe81b,
        type: 3}
      propertyPath: toppingColor.r
      value: 0.9811321
      objectReference: {fileID: 0}
    - target: {fileID: 1024556325742269155, guid: 5efbd8c274f69974e86b120984fbe81b,
        type: 3}
      propertyPath: m_RootOrder
      value: 1
      objectReference: {fileID: 0}
    - target: {fileID: 1227836618292905582, guid: 5efbd8c274f69974e86b120984fbe81b,
        type: 3}
      propertyPath: m_RootOrder
      value: 2
      objectReference: {fileID: 0}
    - target: {fileID: 1341202605574904496, guid: 5efbd8c274f69974e86b120984fbe81b,
        type: 3}
      propertyPath: m_Name
      value: CircleLSharp
      objectReference: {fileID: 0}
    - target: {fileID: 6955690194484411392, guid: 5efbd8c274f69974e86b120984fbe81b,
        type: 3}
      propertyPath: m_RootOrder
      value: 0
      objectReference: {fileID: 0}
    - target: {fileID: 6955690194484411392, guid: 5efbd8c274f69974e86b120984fbe81b,
        type: 3}
      propertyPath: m_LocalEulerAnglesHint.x
      value: 0
      objectReference: {fileID: 0}
    - target: {fileID: 6955690194484411392, guid: 5efbd8c274f69974e86b120984fbe81b,
        type: 3}
      propertyPath: m_LocalEulerAnglesHint.y
      value: 0
      objectReference: {fileID: 0}
    - target: {fileID: 6955690194484411392, guid: 5efbd8c274f69974e86b120984fbe81b,
        type: 3}
      propertyPath: m_LocalEulerAnglesHint.z
      value: 0
      objectReference: {fileID: 0}
    m_RemovedComponents: []
  m_SourcePrefab: {fileID: 100100000, guid: 5efbd8c274f69974e86b120984fbe81b, type: 3}
--- !u!114 &7555274808666199488 stripped
MonoBehaviour:
  m_CorrespondingSourceObject: {fileID: 794801451098536653, guid: 5efbd8c274f69974e86b120984fbe81b,
    type: 3}
  m_PrefabInstance: {fileID: 7196200102609874701}
  m_PrefabAsset: {fileID: 0}
  m_GameObject: {fileID: 0}
  m_Enabled: 0
  m_EditorHideFlags: 0
  m_Script: {fileID: 11500000, guid: d931adf55ff26eb4dab04b81b53ef544, type: 3}
  m_Name: 
  m_EditorClassIdentifier: 
--- !u!4 &8822635526168218626 stripped
Transform:
  m_CorrespondingSourceObject: {fileID: 1850493022598292239, guid: 5efbd8c274f69974e86b120984fbe81b,
    type: 3}
  m_PrefabInstance: {fileID: 7196200102609874701}
  m_PrefabAsset: {fileID: 0}
--- !u!4 &241394190663668493 stripped
Transform:
  m_CorrespondingSourceObject: {fileID: 6955690194484411392, guid: 5efbd8c274f69974e86b120984fbe81b,
    type: 3}
  m_PrefabInstance: {fileID: 7196200102609874701}
  m_PrefabAsset: {fileID: 0}
