%YAML 1.1
%TAG !u! tag:unity3d.com,2011:
--- !u!1 &138801245530405542
GameObject:
  m_ObjectHideFlags: 0
  m_CorrespondingSourceObject: {fileID: 0}
  m_PrefabInstance: {fileID: 0}
  m_PrefabAsset: {fileID: 0}
  serializedVersion: 6
  m_Component:
  - component: {fileID: 1890122900144488161}
  - component: {fileID: 2183622939961445973}
  m_Layer: 8
  m_Name: Sprinkles Manual
  m_TagString: Untagged
  m_Icon: {fileID: 0}
  m_NavMeshLayer: 0
  m_StaticEditorFlags: 0
  m_IsActive: 1
--- !u!4 &1890122900144488161
Transform:
  m_ObjectHideFlags: 0
  m_CorrespondingSourceObject: {fileID: 0}
  m_PrefabInstance: {fileID: 0}
  m_PrefabAsset: {fileID: 0}
  m_GameObject: {fileID: 138801245530405542}
  m_LocalRotation: {x: 0, y: 0, z: 0, w: 1}
  m_LocalPosition: {x: 0, y: 0, z: 0}
  m_LocalScale: {x: 1.25, y: 1.25, z: 1}
  m_Children:
  - {fileID: 6402811187777502524}
  - {fileID: 2796845829861320771}
  - {fileID: 2559866058117087337}
  - {fileID: 6281507580039989874}
  m_Father: {fileID: 6102919085310221155}
  m_RootOrder: 1
  m_LocalEulerAnglesHint: {x: 0, y: 0, z: 0}
--- !u!114 &2183622939961445973
MonoBehaviour:
  m_ObjectHideFlags: 0
  m_CorrespondingSourceObject: {fileID: 0}
  m_PrefabInstance: {fileID: 0}
  m_PrefabAsset: {fileID: 0}
  m_GameObject: {fileID: 138801245530405542}
  m_Enabled: 1
  m_EditorHideFlags: 0
  m_Script: {fileID: 11500000, guid: 2179359cc2a883a438dca2c78b5c9308, type: 3}
  m_Name: 
  m_EditorClassIdentifier: 
  paths:
  - path: {fileID: 7716252073122138322}
    sections:
    - weight: 1
      options: 00000000
    magnet: 1
  - path: {fileID: 6563992432507651145}
    sections:
    - weight: 1
      options: 01000000
    magnet: 1
  - path: {fileID: 4449095290195459006}
    sections:
    - weight: 1
      options: 02000000
    magnet: 0
  options:
  - {fileID: 8699412720112625615}
  - {fileID: 6795313725772304650}
  - {fileID: 7897926388728203711}
  physicsEnabled: 0
  bonus: 0
--- !u!1 &830879388178363084
GameObject:
  m_ObjectHideFlags: 0
  m_CorrespondingSourceObject: {fileID: 0}
  m_PrefabInstance: {fileID: 0}
  m_PrefabAsset: {fileID: 0}
  serializedVersion: 6
  m_Component:
  - component: {fileID: 2796845829861320771}
  - component: {fileID: 7716252073122138322}
  m_Layer: 0
  m_Name: Path
  m_TagString: Untagged
  m_Icon: {fileID: 0}
  m_NavMeshLayer: 0
  m_StaticEditorFlags: 0
  m_IsActive: 1
--- !u!4 &2796845829861320771
Transform:
  m_ObjectHideFlags: 0
  m_CorrespondingSourceObject: {fileID: 0}
  m_PrefabInstance: {fileID: 0}
  m_PrefabAsset: {fileID: 0}
  m_GameObject: {fileID: 830879388178363084}
  m_LocalRotation: {x: -0, y: -0, z: -0, w: 1}
  m_LocalPosition: {x: 0, y: 0, z: 0}
  m_LocalScale: {x: 0.8, y: 0.8000004, z: 1}
  m_Children: []
  m_Father: {fileID: 1890122900144488161}
  m_RootOrder: 1
  m_LocalEulerAnglesHint: {x: 0, y: 0, z: 0}
--- !u!114 &7716252073122138322
MonoBehaviour:
  m_ObjectHideFlags: 0
  m_CorrespondingSourceObject: {fileID: 0}
  m_PrefabInstance: {fileID: 0}
  m_PrefabAsset: {fileID: 0}
  m_GameObject: {fileID: 830879388178363084}
  m_Enabled: 1
  m_EditorHideFlags: 0
  m_Script: {fileID: 11500000, guid: c25f2c3c6d52ab744a70ac080b3e3958, type: 3}
  m_Name: 
  m_EditorClassIdentifier: 
  svgPoints:
  - x: 1
    y: -0
  - x: 0.9963974885425263
    y: -0.0848059244755093
  - x: 0.9856159103477086
    y: -0.16900082032184902
  - x: 0.9677329469334989
    y: -0.2519780613851252
  - x: 0.9428774454610841
    y: -0.3331397947420577
  - x: 0.9112284903881357
    y: -0.41190124824399266
  - x: 0.873014113161188
    y: -0.4876949438136347
  - x: 0.8285096492438423
    y: -0.5599747861375953
  - x: 0.7780357543184395
    y: -0.6282199972956425
  - x: 0.7219560939545244
    y: -0.6919388689775462
  - x: 0.6606747233900816
    y: -0.7506723052527243
  - x: 0.5946331763042868
    y: -0.8039971303669406
  - x: 0.5243072835572316
    y: -0.8515291377333111
  - x: 0.4502037448176732
    y: -0.8929258581495685
  - x: 0.37285647778030856
    y: -0.9278890272965095
  - x: 0.29282277127655043
    y: -0.9561667347392508
  - x: 0.21067926999572612
    y: -0.9775552389476863
  - x: 0.12701781974687856
    y: -0.9919004352588771
  - x: 0.042441203196148185
    y: -0.9990989662046814
  - x: -0.042441203196148185
    y: -0.9990989662046814
  - x: -0.12701781974687879
    y: -0.9919004352588766
  - x: -0.21067926999572612
    y: -0.9775552389476863
  - x: -0.2928227712765503
    y: -0.9561667347392508
  - x: -0.37285647778030856
    y: -0.9278890272965095
  - x: -0.4502037448176734
    y: -0.8929258581495685
  - x: -0.5243072835572316
    y: -0.8515291377333115
  - x: -0.5946331763042867
    y: -0.8039971303669406
  - x: -0.6606747233900813
    y: -0.7506723052527244
  - x: -0.7219560939545245
    y: -0.6919388689775462
  - x: -0.7780357543184393
    y: -0.6282199972956425
  - x: -0.8285096492438422
    y: -0.5599747861375955
  - x: -0.8730141131611883
    y: -0.4876949438136345
  - x: -0.9112284903881359
    y: -0.4119012482439925
  - x: -0.9428774454610842
    y: -0.3331397947420577
  - x: -0.9677329469334989
    y: -0.25197806138512496
  - x: -0.9856159103477086
    y: -0.1690008203218492
  - x: -0.9963974885425265
    y: -0.0848059244755091
  - x: -1
    y: -0.00000000000000020521089841446938
  - x: -0.9963974885425265
    y: 0.08480592447550879
  - x: -0.9856159103477086
    y: 0.16900082032184852
  - x: -0.9677329469334989
    y: 0.2519780613851252
  - x: -0.9428774454610842
    y: 0.33313979474205735
  - x: -0.9112284903881359
    y: 0.41190124824399227
  - x: -0.8730141131611884
    y: 0.48769494381363426
  - x: -0.8285096492438423
    y: 0.5599747861375953
  - x: -0.7780357543184395
    y: 0.6282199972956424
  - x: -0.7219560939545246
    y: 0.6919388689775462
  - x: -0.6606747233900818
    y: 0.750672305252724
  - x: -0.5946331763042865
    y: 0.8039971303669406
  - x: -0.5243072835572321
    y: 0.8515291377333111
  - x: -0.4502037448176736
    y: 0.8929258581495685
  - x: -0.3728564777803088
    y: 0.9278890272965092
  - x: -0.2928227712765503
    y: 0.9561667347392508
  - x: -0.21067926999572612
    y: 0.9775552389476863
  - x: -0.12701781974687917
    y: 0.9919004352588768
  - x: -0.042441203196148594
    y: 0.9990989662046814
  - x: 0.042441203196148185
    y: 0.9990989662046815
  - x: 0.12701781974687879
    y: 0.9919004352588768
  - x: 0.2106792699957257
    y: 0.9775552389476863
  - x: 0.29282277127655004
    y: 0.9561667347392511
  - x: 0.37285647778030834
    y: 0.9278890272965095
  - x: 0.4502037448176732
    y: 0.8929258581495685
  - x: 0.5243072835572318
    y: 0.8515291377333112
  - x: 0.5946331763042861
    y: 0.8039971303669409
  - x: 0.6606747233900819
    y: 0.750672305252724
  - x: 0.7219560939545244
    y: 0.6919388689775463
  - x: 0.7780357543184395
    y: 0.6282199972956423
  - x: 0.8285096492438419
    y: 0.559974786137596
  - x: 0.8730141131611885
    y: 0.4876949438136342
  - x: 0.9112284903881357
    y: 0.4119012482439929
  - x: 0.9428774454610841
    y: 0.3331397947420577
  - x: 0.9677329469334989
    y: 0.251978061385126
  - x: 0.9856159103477086
    y: 0.16900082032184882
  - x: 0.9963974885425263
    y: 0.08480592447550961
  - x: 277.0010521631399
    y: 127.25437946014192
  - x: 277.0010521631399
    y: 127.25437946014192
  svgCommands: 01000000020000000200000002000000020000000200000002000000020000000200000002000000020000000200000002000000020000000200000002000000020000000200000002000000020000000200000002000000020000000200000002000000020000000200000002000000020000000200000002000000020000000200000002000000020000000200000002000000020000000200000002000000020000000200000002000000020000000200000002000000020000000200000002000000020000000200000002000000020000000200000002000000020000000200000002000000020000000200000002000000020000000200000002000000020000000200000002000000020000000200000002000000020000000200000002000000020000005f00000000000000
  reverse: 0
  offset: 0
--- !u!1 &1806176038033677200
GameObject:
  m_ObjectHideFlags: 0
  m_CorrespondingSourceObject: {fileID: 0}
  m_PrefabInstance: {fileID: 0}
  m_PrefabAsset: {fileID: 0}
  serializedVersion: 6
  m_Component:
  - component: {fileID: 3306669849559012214}
  - component: {fileID: 7541787689510430690}
  - component: {fileID: 2848378145312199359}
  - component: {fileID: 5507342833003798390}
  m_Layer: 8
  m_Name: StrokeDisplay(Clone)
  m_TagString: Untagged
  m_Icon: {fileID: 0}
  m_NavMeshLayer: 0
  m_StaticEditorFlags: 0
  m_IsActive: 1
--- !u!4 &3306669849559012214
Transform:
  m_ObjectHideFlags: 0
  m_CorrespondingSourceObject: {fileID: 0}
  m_PrefabInstance: {fileID: 0}
  m_PrefabAsset: {fileID: 0}
  m_GameObject: {fileID: 1806176038033677200}
  m_LocalRotation: {x: -0, y: -0, z: -0, w: 1}
  m_LocalPosition: {x: 0, y: 0.767, z: -1.5}
  m_LocalScale: {x: 1, y: 1, z: 1}
  m_Children: []
  m_Father: {fileID: 1957416177654014539}
  m_RootOrder: 4
  m_LocalEulerAnglesHint: {x: 0, y: 0, z: 0}
--- !u!33 &7541787689510430690
MeshFilter:
  m_ObjectHideFlags: 0
  m_CorrespondingSourceObject: {fileID: 0}
  m_PrefabInstance: {fileID: 0}
  m_PrefabAsset: {fileID: 0}
  m_GameObject: {fileID: 1806176038033677200}
  m_Mesh: {fileID: 4300000, guid: bb2a768d9e6bd9a4282397b1ed509187, type: 2}
--- !u!23 &2848378145312199359
MeshRenderer:
  m_ObjectHideFlags: 0
  m_CorrespondingSourceObject: {fileID: 0}
  m_PrefabInstance: {fileID: 0}
  m_PrefabAsset: {fileID: 0}
  m_GameObject: {fileID: 1806176038033677200}
  m_Enabled: 1
  m_CastShadows: 1
  m_ReceiveShadows: 1
  m_DynamicOccludee: 0
  m_MotionVectors: 1
  m_LightProbeUsage: 0
  m_ReflectionProbeUsage: 0
  m_RayTracingMode: 2
  m_RayTraceProcedural: 0
  m_RenderingLayerMask: 1
  m_RendererPriority: 0
  m_Materials:
  - {fileID: 2100000, guid: 92cc8276d61967b42b171253d5c53cf0, type: 2}
  m_StaticBatchInfo:
    firstSubMesh: 0
    subMeshCount: 0
  m_StaticBatchRoot: {fileID: 0}
  m_ProbeAnchor: {fileID: 0}
  m_LightProbeVolumeOverride: {fileID: 0}
  m_ScaleInLightmap: 1
  m_ReceiveGI: 1
  m_PreserveUVs: 0
  m_IgnoreNormalsForChartDetection: 0
  m_ImportantGI: 0
  m_StitchLightmapSeams: 0
  m_SelectedEditorRenderState: 3
  m_MinimumChartSize: 4
  m_AutoUVMaxDistance: 0.5
  m_AutoUVMaxAngle: 89
  m_LightmapParameters: {fileID: 0}
  m_SortingLayerID: 0
  m_SortingLayer: 0
  m_SortingOrder: 0
  m_AdditionalVertexStreams: {fileID: 0}
--- !u!114 &5507342833003798390
MonoBehaviour:
  m_ObjectHideFlags: 0
  m_CorrespondingSourceObject: {fileID: 0}
  m_PrefabInstance: {fileID: 0}
  m_PrefabAsset: {fileID: 0}
  m_GameObject: {fileID: 1806176038033677200}
  m_Enabled: 1
  m_EditorHideFlags: 0
  m_Script: {fileID: 11500000, guid: 691ba7df4f595b449a5dc3c4738184d8, type: 3}
  m_Name: 
  m_EditorClassIdentifier: 
  meshFilter: {fileID: 7541787689510430690}
  meshRenderer: {fileID: 2848378145312199359}
--- !u!1 &2193998659327618533
GameObject:
  m_ObjectHideFlags: 0
  m_CorrespondingSourceObject: {fileID: 0}
  m_PrefabInstance: {fileID: 0}
  m_PrefabAsset: {fileID: 0}
  serializedVersion: 6
  m_Component:
  - component: {fileID: 3264843493329412552}
  - component: {fileID: 7756005027644960480}
  m_Layer: 0
  m_Name: hai_019
  m_TagString: Untagged
  m_Icon: {fileID: 0}
  m_NavMeshLayer: 0
  m_StaticEditorFlags: 0
  m_IsActive: 1
--- !u!4 &3264843493329412552
Transform:
  m_ObjectHideFlags: 0
  m_CorrespondingSourceObject: {fileID: 0}
  m_PrefabInstance: {fileID: 0}
  m_PrefabAsset: {fileID: 0}
  m_GameObject: {fileID: 2193998659327618533}
  m_LocalRotation: {x: 0, y: 0, z: 0, w: 1}
  m_LocalPosition: {x: 0, y: 0, z: 0}
  m_LocalScale: {x: 1, y: 1, z: 1}
  m_Children:
  - {fileID: 3285440156222899308}
  - {fileID: 6014638282073409342}
  - {fileID: 5256509874093419446}
  m_Father: {fileID: 0}
  m_RootOrder: 0
  m_LocalEulerAnglesHint: {x: 0, y: 0, z: 0}
--- !u!114 &7756005027644960480
MonoBehaviour:
  m_ObjectHideFlags: 0
  m_CorrespondingSourceObject: {fileID: 0}
  m_PrefabInstance: {fileID: 0}
  m_PrefabAsset: {fileID: 0}
  m_GameObject: {fileID: 2193998659327618533}
  m_Enabled: 1
  m_EditorHideFlags: 0
  m_Script: {fileID: 11500000, guid: f522867c3f9eb3e4bb325c968c25314e, type: 3}
  m_Name: 
  m_EditorClassIdentifier: 
  layers:
  - {fileID: 5050816386048197281}
  backgroundColor: {r: 0.43921572, g: 0.8470589, b: 0.9843138, a: 1}
  glitterStroke: 0
  glitterCake: 0
  newPreview: 0
  strokeRate: 0.5
  sprinkleRate: 0.5
  diskColor: {r: 0.6627451, g: 0.21568628, b: 0.5647059, a: 1}
  type: 0
  previewCameraTransform: {fileID: 5256509874093419446}
  previewCameraSize: 1.5
  previewCameraSizeForSelection: 2.2
  finishCameraTransform: {fileID: 6014638282073409342}
  previewScale: 1
  specialStroke: 0
  specialFill: 0
--- !u!1 &2769384249385377243
GameObject:
  m_ObjectHideFlags: 0
  m_CorrespondingSourceObject: {fileID: 0}
  m_PrefabInstance: {fileID: 0}
  m_PrefabAsset: {fileID: 0}
  serializedVersion: 6
  m_Component:
  - component: {fileID: 7541671223736344583}
  - component: {fileID: 8377840022117296644}
  - component: {fileID: 9200752595604750488}
  - component: {fileID: 2310670439190712647}
  m_Layer: 8
  m_Name: StrokeDisplay(Clone)
  m_TagString: Untagged
  m_Icon: {fileID: 0}
  m_NavMeshLayer: 0
  m_StaticEditorFlags: 0
  m_IsActive: 1
--- !u!4 &7541671223736344583
Transform:
  m_ObjectHideFlags: 0
  m_CorrespondingSourceObject: {fileID: 0}
  m_PrefabInstance: {fileID: 0}
  m_PrefabAsset: {fileID: 0}
  m_GameObject: {fileID: 2769384249385377243}
  m_LocalRotation: {x: -0, y: -0, z: -0, w: 1}
  m_LocalPosition: {x: 0, y: 0.767, z: -1.5}
  m_LocalScale: {x: 1, y: 1, z: 1}
  m_Children: []
  m_Father: {fileID: 1957416177654014539}
  m_RootOrder: 3
  m_LocalEulerAnglesHint: {x: 0, y: 0, z: 0}
--- !u!33 &8377840022117296644
MeshFilter:
  m_ObjectHideFlags: 0
  m_CorrespondingSourceObject: {fileID: 0}
  m_PrefabInstance: {fileID: 0}
  m_PrefabAsset: {fileID: 0}
  m_GameObject: {fileID: 2769384249385377243}
  m_Mesh: {fileID: 4300000, guid: 2306dffe37bdd1d4f9a54c533acdf529, type: 2}
--- !u!23 &9200752595604750488
MeshRenderer:
  m_ObjectHideFlags: 0
  m_CorrespondingSourceObject: {fileID: 0}
  m_PrefabInstance: {fileID: 0}
  m_PrefabAsset: {fileID: 0}
  m_GameObject: {fileID: 2769384249385377243}
  m_Enabled: 1
  m_CastShadows: 1
  m_ReceiveShadows: 1
  m_DynamicOccludee: 0
  m_MotionVectors: 1
  m_LightProbeUsage: 0
  m_ReflectionProbeUsage: 0
  m_RayTracingMode: 2
  m_RayTraceProcedural: 0
  m_RenderingLayerMask: 1
  m_RendererPriority: 0
  m_Materials:
  - {fileID: 2100000, guid: 84d72c990273e4448bcb4a2b31109b4d, type: 2}
  m_StaticBatchInfo:
    firstSubMesh: 0
    subMeshCount: 0
  m_StaticBatchRoot: {fileID: 0}
  m_ProbeAnchor: {fileID: 0}
  m_LightProbeVolumeOverride: {fileID: 0}
  m_ScaleInLightmap: 1
  m_ReceiveGI: 1
  m_PreserveUVs: 0
  m_IgnoreNormalsForChartDetection: 0
  m_ImportantGI: 0
  m_StitchLightmapSeams: 0
  m_SelectedEditorRenderState: 3
  m_MinimumChartSize: 4
  m_AutoUVMaxDistance: 0.5
  m_AutoUVMaxAngle: 89
  m_LightmapParameters: {fileID: 0}
  m_SortingLayerID: 0
  m_SortingLayer: 0
  m_SortingOrder: 0
  m_AdditionalVertexStreams: {fileID: 0}
--- !u!114 &2310670439190712647
MonoBehaviour:
  m_ObjectHideFlags: 0
  m_CorrespondingSourceObject: {fileID: 0}
  m_PrefabInstance: {fileID: 0}
  m_PrefabAsset: {fileID: 0}
  m_GameObject: {fileID: 2769384249385377243}
  m_Enabled: 1
  m_EditorHideFlags: 0
  m_Script: {fileID: 11500000, guid: 691ba7df4f595b449a5dc3c4738184d8, type: 3}
  m_Name: 
  m_EditorClassIdentifier: 
  meshFilter: {fileID: 8377840022117296644}
  meshRenderer: {fileID: 9200752595604750488}
--- !u!1 &3428473382642872520
GameObject:
  m_ObjectHideFlags: 0
  m_CorrespondingSourceObject: {fileID: 0}
  m_PrefabInstance: {fileID: 0}
  m_PrefabAsset: {fileID: 0}
  serializedVersion: 6
  m_Component:
  - component: {fileID: 5966215817714722051}
  - component: {fileID: 1402667457936875207}
  - component: {fileID: 4318233310851883036}
  - component: {fileID: 301844493104283038}
  m_Layer: 8
  m_Name: StrokeDisplay(Clone)
  m_TagString: Untagged
  m_Icon: {fileID: 0}
  m_NavMeshLayer: 0
  m_StaticEditorFlags: 0
  m_IsActive: 1
--- !u!4 &5966215817714722051
Transform:
  m_ObjectHideFlags: 0
  m_CorrespondingSourceObject: {fileID: 0}
  m_PrefabInstance: {fileID: 0}
  m_PrefabAsset: {fileID: 0}
  m_GameObject: {fileID: 3428473382642872520}
  m_LocalRotation: {x: -0, y: -0, z: -0, w: 1}
  m_LocalPosition: {x: 0, y: 0.767, z: -1.5}
  m_LocalScale: {x: 1, y: 1, z: 1}
  m_Children: []
  m_Father: {fileID: 1957416177654014539}
  m_RootOrder: 0
  m_LocalEulerAnglesHint: {x: 0, y: 0, z: 0}
--- !u!33 &1402667457936875207
MeshFilter:
  m_ObjectHideFlags: 0
  m_CorrespondingSourceObject: {fileID: 0}
  m_PrefabInstance: {fileID: 0}
  m_PrefabAsset: {fileID: 0}
  m_GameObject: {fileID: 3428473382642872520}
  m_Mesh: {fileID: 4300000, guid: 7cd8dd285f6437e4e82a59ee2a3c87db, type: 2}
--- !u!23 &4318233310851883036
MeshRenderer:
  m_ObjectHideFlags: 0
  m_CorrespondingSourceObject: {fileID: 0}
  m_PrefabInstance: {fileID: 0}
  m_PrefabAsset: {fileID: 0}
  m_GameObject: {fileID: 3428473382642872520}
  m_Enabled: 1
  m_CastShadows: 1
  m_ReceiveShadows: 1
  m_DynamicOccludee: 0
  m_MotionVectors: 1
  m_LightProbeUsage: 0
  m_ReflectionProbeUsage: 0
  m_RayTracingMode: 2
  m_RayTraceProcedural: 0
  m_RenderingLayerMask: 1
  m_RendererPriority: 0
  m_Materials:
  - {fileID: 2100000, guid: 90e1c1347acfbbf449de8a698f8e4135, type: 2}
  m_StaticBatchInfo:
    firstSubMesh: 0
    subMeshCount: 0
  m_StaticBatchRoot: {fileID: 0}
  m_ProbeAnchor: {fileID: 0}
  m_LightProbeVolumeOverride: {fileID: 0}
  m_ScaleInLightmap: 1
  m_ReceiveGI: 1
  m_PreserveUVs: 0
  m_IgnoreNormalsForChartDetection: 0
  m_ImportantGI: 0
  m_StitchLightmapSeams: 0
  m_SelectedEditorRenderState: 3
  m_MinimumChartSize: 4
  m_AutoUVMaxDistance: 0.5
  m_AutoUVMaxAngle: 89
  m_LightmapParameters: {fileID: 0}
  m_SortingLayerID: 0
  m_SortingLayer: 0
  m_SortingOrder: 0
  m_AdditionalVertexStreams: {fileID: 0}
--- !u!114 &301844493104283038
MonoBehaviour:
  m_ObjectHideFlags: 0
  m_CorrespondingSourceObject: {fileID: 0}
  m_PrefabInstance: {fileID: 0}
  m_PrefabAsset: {fileID: 0}
  m_GameObject: {fileID: 3428473382642872520}
  m_Enabled: 1
  m_EditorHideFlags: 0
  m_Script: {fileID: 11500000, guid: 691ba7df4f595b449a5dc3c4738184d8, type: 3}
  m_Name: 
  m_EditorClassIdentifier: 
  meshFilter: {fileID: 1402667457936875207}
  meshRenderer: {fileID: 4318233310851883036}
--- !u!1 &3490066721764345575
GameObject:
  m_ObjectHideFlags: 0
  m_CorrespondingSourceObject: {fileID: 0}
  m_PrefabInstance: {fileID: 0}
  m_PrefabAsset: {fileID: 0}
  serializedVersion: 6
  m_Component:
  - component: {fileID: 8011258205857243585}
  - component: {fileID: 6795313725772304650}
  m_Layer: 8
  m_Name: Option
  m_TagString: Untagged
  m_Icon: {fileID: 0}
  m_NavMeshLayer: 0
  m_StaticEditorFlags: 0
  m_IsActive: 1
--- !u!4 &8011258205857243585
Transform:
  m_ObjectHideFlags: 0
  m_CorrespondingSourceObject: {fileID: 0}
  m_PrefabInstance: {fileID: 0}
  m_PrefabAsset: {fileID: 0}
  m_GameObject: {fileID: 3490066721764345575}
  m_LocalRotation: {x: -0, y: -0, z: -0, w: 1}
  m_LocalPosition: {x: 0, y: 0, z: -0.10000004}
  m_LocalScale: {x: 0.8, y: 0.8000013, z: 1}
  m_Children: []
  m_Father: {fileID: 6402811187777502524}
  m_RootOrder: 1
  m_LocalEulerAnglesHint: {x: 0, y: 0, z: 0}
--- !u!114 &6795313725772304650
MonoBehaviour:
  m_ObjectHideFlags: 0
  m_CorrespondingSourceObject: {fileID: 0}
  m_PrefabInstance: {fileID: 0}
  m_PrefabAsset: {fileID: 0}
  m_GameObject: {fileID: 3490066721764345575}
  m_Enabled: 0
  m_EditorHideFlags: 0
  m_Script: {fileID: 11500000, guid: 552fb6fa4deaccb46ba7fa59819fc06a, type: 3}
  m_Name: 
  m_EditorClassIdentifier: 
  special: 0
  objects:
  - {fileID: 6651642589422487255, guid: d36689cfeb8eb034bbaf090c4adf3476, type: 3}
  objectSizeX:
    serializedVersion: 2
    m_Curve:
    - serializedVersion: 3
      time: 0
      value: 0.3
      inSlope: 0
      outSlope: 0
      tangentMode: 0
      weightedMode: 3
      inWeight: 0
      outWeight: 0
    - serializedVersion: 3
      time: 1
      value: 0.3
      inSlope: 0
      outSlope: 0
      tangentMode: 0
      weightedMode: 3
      inWeight: 0
      outWeight: 0
    m_PreInfinity: 2
    m_PostInfinity: 2
    m_RotationOrder: 4
  objectSizeY:
    serializedVersion: 2
    m_Curve:
    - serializedVersion: 3
      time: 0
      value: 0.3
      inSlope: 0
      outSlope: 0
      tangentMode: 0
      weightedMode: 3
      inWeight: 0
      outWeight: 0
    - serializedVersion: 3
      time: 1
      value: 0.3
      inSlope: 0
      outSlope: 0
      tangentMode: 0
      weightedMode: 3
      inWeight: 0
      outWeight: 0
    m_PreInfinity: 2
    m_PostInfinity: 2
    m_RotationOrder: 4
  objectSizeZ:
    serializedVersion: 2
    m_Curve:
    - serializedVersion: 3
      time: 0
      value: 0.3
      inSlope: 0
      outSlope: 0
      tangentMode: 0
      weightedMode: 3
      inWeight: 0
      outWeight: 0
    - serializedVersion: 3
      time: 1
      value: 0.3
      inSlope: 0
      outSlope: 0
      tangentMode: 0
      weightedMode: 3
      inWeight: 0
      outWeight: 0
    m_PreInfinity: 2
    m_PostInfinity: 2
    m_RotationOrder: 4
  rotationX:
    serializedVersion: 2
    m_Curve:
    - serializedVersion: 3
      time: 0
      value: 0
      inSlope: 360
      outSlope: 360
      tangentMode: 34
      weightedMode: 0
      inWeight: 0
      outWeight: 0.33333334
    - serializedVersion: 3
      time: 1
      value: 360
      inSlope: 360
      outSlope: 360
      tangentMode: 34
      weightedMode: 0
      inWeight: 0.33333334
      outWeight: 0
    m_PreInfinity: 2
    m_PostInfinity: 2
    m_RotationOrder: 4
  rotationY:
    serializedVersion: 2
    m_Curve:
    - serializedVersion: 3
      time: 0
      value: 0
      inSlope: 360
      outSlope: 360
      tangentMode: 34
      weightedMode: 0
      inWeight: 0
      outWeight: 0.33333334
    - serializedVersion: 3
      time: 1
      value: 360
      inSlope: 360
      outSlope: 360
      tangentMode: 34
      weightedMode: 0
      inWeight: 0.33333334
      outWeight: 0
    m_PreInfinity: 2
    m_PostInfinity: 2
    m_RotationOrder: 4
  rotationZ:
    serializedVersion: 2
    m_Curve:
    - serializedVersion: 3
      time: 0
      value: 0
      inSlope: 360
      outSlope: 360
      tangentMode: 34
      weightedMode: 0
      inWeight: 0
      outWeight: 0.33333334
    - serializedVersion: 3
      time: 1
      value: 360
      inSlope: 360
      outSlope: 360
      tangentMode: 34
      weightedMode: 0
      inWeight: 0.33333334
      outWeight: 0
    m_PreInfinity: 2
    m_PostInfinity: 2
    m_RotationOrder: 4
  color:
    serializedVersion: 2
    key0: {r: 0.35036308, g: 0.24474901, b: 0.41509432, a: 1}
    key1: {r: 0.3653195, g: 0.20714669, b: 0.46226418, a: 1}
    key2: {r: 1, g: 0.8209606, b: 0.07843137, a: 0}
    key3: {r: 1, g: 0.8209606, b: 0.07843137, a: 0}
    key4: {r: 1, g: 0.8209606, b: 0.07843137, a: 0}
    key5: {r: 1, g: 0.8209606, b: 0.07843137, a: 0}
    key6: {r: 1, g: 0.8209606, b: 0.07843137, a: 0}
    key7: {r: 0, g: 0, b: 0, a: 0}
    ctime0: 0
    ctime1: 64571
    ctime2: 64571
    ctime3: 64571
    ctime4: 64571
    ctime5: 64571
    ctime6: 64571
    ctime7: 0
    atime0: 0
    atime1: 65535
    atime2: 0
    atime3: 0
    atime4: 0
    atime5: 0
    atime6: 0
    atime7: 0
    m_Mode: 0
    m_NumColorKeys: 2
    m_NumAlphaKeys: 2
  spacing: 0.3
  radius: 0.3
  count: 1
  sprinklePreviewType: 2
--- !u!1 &4110364511853958217
GameObject:
  m_ObjectHideFlags: 0
  m_CorrespondingSourceObject: {fileID: 0}
  m_PrefabInstance: {fileID: 0}
  m_PrefabAsset: {fileID: 0}
  serializedVersion: 6
  m_Component:
  - component: {fileID: 4624677398403832434}
  - component: {fileID: 2962676146618118138}
  - component: {fileID: 999482581895358673}
  - component: {fileID: 240274848542552338}
  m_Layer: 8
  m_Name: StrokeDisplay(Clone)
  m_TagString: Untagged
  m_Icon: {fileID: 0}
  m_NavMeshLayer: 0
  m_StaticEditorFlags: 0
  m_IsActive: 1
--- !u!4 &4624677398403832434
Transform:
  m_ObjectHideFlags: 0
  m_CorrespondingSourceObject: {fileID: 0}
  m_PrefabInstance: {fileID: 0}
  m_PrefabAsset: {fileID: 0}
  m_GameObject: {fileID: 4110364511853958217}
  m_LocalRotation: {x: -0, y: -0, z: -0, w: 1}
  m_LocalPosition: {x: 0, y: 0.767, z: -1.5}
  m_LocalScale: {x: 1, y: 1, z: 1}
  m_Children: []
  m_Father: {fileID: 1957416177654014539}
  m_RootOrder: 1
  m_LocalEulerAnglesHint: {x: 0, y: 0, z: 0}
--- !u!33 &2962676146618118138
MeshFilter:
  m_ObjectHideFlags: 0
  m_CorrespondingSourceObject: {fileID: 0}
  m_PrefabInstance: {fileID: 0}
  m_PrefabAsset: {fileID: 0}
  m_GameObject: {fileID: 4110364511853958217}
  m_Mesh: {fileID: 4300000, guid: 45689064fed7c3040b2fd00462c290fd, type: 2}
--- !u!23 &999482581895358673
MeshRenderer:
  m_ObjectHideFlags: 0
  m_CorrespondingSourceObject: {fileID: 0}
  m_PrefabInstance: {fileID: 0}
  m_PrefabAsset: {fileID: 0}
  m_GameObject: {fileID: 4110364511853958217}
  m_Enabled: 1
  m_CastShadows: 1
  m_ReceiveShadows: 1
  m_DynamicOccludee: 0
  m_MotionVectors: 1
  m_LightProbeUsage: 0
  m_ReflectionProbeUsage: 0
  m_RayTracingMode: 2
  m_RayTraceProcedural: 0
  m_RenderingLayerMask: 1
  m_RendererPriority: 0
  m_Materials:
  - {fileID: 2100000, guid: 1ab4145a9086cc145a0f7ce9ccad63b0, type: 2}
  m_StaticBatchInfo:
    firstSubMesh: 0
    subMeshCount: 0
  m_StaticBatchRoot: {fileID: 0}
  m_ProbeAnchor: {fileID: 0}
  m_LightProbeVolumeOverride: {fileID: 0}
  m_ScaleInLightmap: 1
  m_ReceiveGI: 1
  m_PreserveUVs: 0
  m_IgnoreNormalsForChartDetection: 0
  m_ImportantGI: 0
  m_StitchLightmapSeams: 0
  m_SelectedEditorRenderState: 3
  m_MinimumChartSize: 4
  m_AutoUVMaxDistance: 0.5
  m_AutoUVMaxAngle: 89
  m_LightmapParameters: {fileID: 0}
  m_SortingLayerID: 0
  m_SortingLayer: 0
  m_SortingOrder: 0
  m_AdditionalVertexStreams: {fileID: 0}
--- !u!114 &240274848542552338
MonoBehaviour:
  m_ObjectHideFlags: 0
  m_CorrespondingSourceObject: {fileID: 0}
  m_PrefabInstance: {fileID: 0}
  m_PrefabAsset: {fileID: 0}
  m_GameObject: {fileID: 4110364511853958217}
  m_Enabled: 1
  m_EditorHideFlags: 0
  m_Script: {fileID: 11500000, guid: 691ba7df4f595b449a5dc3c4738184d8, type: 3}
  m_Name: 
  m_EditorClassIdentifier: 
  meshFilter: {fileID: 2962676146618118138}
  meshRenderer: {fileID: 999482581895358673}
--- !u!1 &4331927561941753062
GameObject:
  m_ObjectHideFlags: 0
  m_CorrespondingSourceObject: {fileID: 0}
  m_PrefabInstance: {fileID: 0}
  m_PrefabAsset: {fileID: 0}
  serializedVersion: 6
  m_Component:
  - component: {fileID: 6014638282073409342}
  m_Layer: 0
  m_Name: finishCameraTransform
  m_TagString: Untagged
  m_Icon: {fileID: 0}
  m_NavMeshLayer: 0
  m_StaticEditorFlags: 0
  m_IsActive: 1
--- !u!4 &6014638282073409342
Transform:
  m_ObjectHideFlags: 0
  m_CorrespondingSourceObject: {fileID: 0}
  m_PrefabInstance: {fileID: 0}
  m_PrefabAsset: {fileID: 0}
  m_GameObject: {fileID: 4331927561941753062}
  m_LocalRotation: {x: 0.5, y: 0, z: 0, w: 0.8660254}
  m_LocalPosition: {x: 0, y: 6.6, z: -3.6}
  m_LocalScale: {x: 1, y: 1, z: 1}
  m_Children: []
  m_Father: {fileID: 3264843493329412552}
  m_RootOrder: 1
  m_LocalEulerAnglesHint: {x: 0, y: 0, z: 0}
--- !u!1 &4509525184154872248
GameObject:
  m_ObjectHideFlags: 0
  m_CorrespondingSourceObject: {fileID: 0}
  m_PrefabInstance: {fileID: 0}
  m_PrefabAsset: {fileID: 0}
  serializedVersion: 6
  m_Component:
  - component: {fileID: 6840811643020785466}
  - component: {fileID: 8699412720112625615}
  m_Layer: 8
  m_Name: Option
  m_TagString: Untagged
  m_Icon: {fileID: 0}
  m_NavMeshLayer: 0
  m_StaticEditorFlags: 0
  m_IsActive: 1
--- !u!4 &6840811643020785466
Transform:
  m_ObjectHideFlags: 0
  m_CorrespondingSourceObject: {fileID: 0}
  m_PrefabInstance: {fileID: 0}
  m_PrefabAsset: {fileID: 0}
  m_GameObject: {fileID: 4509525184154872248}
  m_LocalRotation: {x: -0, y: -0, z: -0, w: 1}
  m_LocalPosition: {x: 0, y: 0, z: -0.14000012}
  m_LocalScale: {x: 1.44, y: 1.4400023, z: 1}
  m_Children: []
  m_Father: {fileID: 6402811187777502524}
  m_RootOrder: 0
  m_LocalEulerAnglesHint: {x: 0, y: 0, z: 0}
--- !u!114 &8699412720112625615
MonoBehaviour:
  m_ObjectHideFlags: 0
  m_CorrespondingSourceObject: {fileID: 0}
  m_PrefabInstance: {fileID: 0}
  m_PrefabAsset: {fileID: 0}
  m_GameObject: {fileID: 4509525184154872248}
  m_Enabled: 0
  m_EditorHideFlags: 0
  m_Script: {fileID: 11500000, guid: 552fb6fa4deaccb46ba7fa59819fc06a, type: 3}
  m_Name: 
  m_EditorClassIdentifier: 
  special: 0
  objects:
  - {fileID: 114692548367002368, guid: 891b7c851fd6f0249a2ffa32867a5346, type: 3}
  objectSizeX:
    serializedVersion: 2
    m_Curve:
    - serializedVersion: 3
      time: 0
      value: 0.4
      inSlope: 0
      outSlope: 0
      tangentMode: 0
      weightedMode: 3
      inWeight: 0
      outWeight: 0
    - serializedVersion: 3
      time: 1
      value: 0.40001
      inSlope: 0
      outSlope: 0
      tangentMode: 0
      weightedMode: 3
      inWeight: 0
      outWeight: 0
    m_PreInfinity: 2
    m_PostInfinity: 2
    m_RotationOrder: 4
  objectSizeY:
    serializedVersion: 2
    m_Curve:
    - serializedVersion: 3
      time: 0
      value: 0.4
      inSlope: 0
      outSlope: 0
      tangentMode: 0
      weightedMode: 3
      inWeight: 0
      outWeight: 0
    - serializedVersion: 3
      time: 1
      value: 0.40001
      inSlope: 0
      outSlope: 0
      tangentMode: 0
      weightedMode: 3
      inWeight: 0
      outWeight: 0
    m_PreInfinity: 2
    m_PostInfinity: 2
    m_RotationOrder: 4
  objectSizeZ:
    serializedVersion: 2
    m_Curve:
    - serializedVersion: 3
      time: 0
      value: 0.4
      inSlope: 0
      outSlope: 0
      tangentMode: 0
      weightedMode: 3
      inWeight: 0
      outWeight: 0
    - serializedVersion: 3
      time: 1
      value: 0.40001
      inSlope: 0
      outSlope: 0
      tangentMode: 0
      weightedMode: 3
      inWeight: 0
      outWeight: 0
    m_PreInfinity: 2
    m_PostInfinity: 2
    m_RotationOrder: 4
  rotationX:
    serializedVersion: 2
    m_Curve:
    - serializedVersion: 3
      time: 0
      value: 0
      inSlope: 360
      outSlope: 360
      tangentMode: 34
      weightedMode: 0
      inWeight: 0
      outWeight: 0.33333334
    - serializedVersion: 3
      time: 1
      value: 360
      inSlope: 360
      outSlope: 360
      tangentMode: 34
      weightedMode: 0
      inWeight: 0.33333334
      outWeight: 0
    m_PreInfinity: 2
    m_PostInfinity: 2
    m_RotationOrder: 4
  rotationY:
    serializedVersion: 2
    m_Curve:
    - serializedVersion: 3
      time: 0
      value: 0
      inSlope: 360
      outSlope: 360
      tangentMode: 34
      weightedMode: 0
      inWeight: 0
      outWeight: 0.33333334
    - serializedVersion: 3
      time: 1
      value: 360
      inSlope: 360
      outSlope: 360
      tangentMode: 34
      weightedMode: 0
      inWeight: 0.33333334
      outWeight: 0
    m_PreInfinity: 2
    m_PostInfinity: 2
    m_RotationOrder: 4
  rotationZ:
    serializedVersion: 2
    m_Curve:
    - serializedVersion: 3
      time: 0
      value: 0
      inSlope: 360
      outSlope: 360
      tangentMode: 34
      weightedMode: 0
      inWeight: 0
      outWeight: 0.33333334
    - serializedVersion: 3
      time: 1
      value: 360
      inSlope: 360
      outSlope: 360
      tangentMode: 34
      weightedMode: 0
      inWeight: 0.33333334
      outWeight: 0
    m_PreInfinity: 2
    m_PostInfinity: 2
    m_RotationOrder: 4
  color:
    serializedVersion: 2
    key0: {r: 1, g: 1, b: 1, a: 1}
    key1: {r: 1, g: 1, b: 1, a: 1}
    key2: {r: 1, g: 0.8209606, b: 0.07843137, a: 0}
    key3: {r: 1, g: 0.8209606, b: 0.07843137, a: 0}
    key4: {r: 1, g: 0.8209606, b: 0.07843137, a: 0}
    key5: {r: 1, g: 0.8209606, b: 0.07843137, a: 0}
    key6: {r: 1, g: 0.8209606, b: 0.07843137, a: 0}
    key7: {r: 0, g: 0, b: 0, a: 0}
    ctime0: 0
    ctime1: 64571
    ctime2: 64571
    ctime3: 64571
    ctime4: 64571
    ctime5: 64571
    ctime6: 64571
    ctime7: 0
    atime0: 0
    atime1: 65535
    atime2: 0
    atime3: 0
    atime4: 0
    atime5: 0
    atime6: 0
    atime7: 0
    m_Mode: 0
    m_NumColorKeys: 2
    m_NumAlphaKeys: 2
  spacing: 0.3
  radius: 0
  count: 1
  sprinklePreviewType: 6
--- !u!1 &4747812320987066193
GameObject:
  m_ObjectHideFlags: 0
  m_CorrespondingSourceObject: {fileID: 0}
  m_PrefabInstance: {fileID: 0}
  m_PrefabAsset: {fileID: 0}
  serializedVersion: 6
  m_Component:
  - component: {fileID: 5464363872831667671}
  - component: {fileID: 7897926388728203711}
  m_Layer: 8
  m_Name: Option
  m_TagString: Untagged
  m_Icon: {fileID: 0}
  m_NavMeshLayer: 0
  m_StaticEditorFlags: 0
  m_IsActive: 1
--- !u!4 &5464363872831667671
Transform:
  m_ObjectHideFlags: 0
  m_CorrespondingSourceObject: {fileID: 0}
  m_PrefabInstance: {fileID: 0}
  m_PrefabAsset: {fileID: 0}
  m_GameObject: {fileID: 4747812320987066193}
  m_LocalRotation: {x: -0, y: -0, z: -0, w: 1}
  m_LocalPosition: {x: 0, y: 0, z: -0.10000004}
  m_LocalScale: {x: 0.29999998, y: 0.30000025, z: 1}
  m_Children: []
  m_Father: {fileID: 6402811187777502524}
  m_RootOrder: 2
  m_LocalEulerAnglesHint: {x: 0, y: 0, z: 0}
--- !u!114 &7897926388728203711
MonoBehaviour:
  m_ObjectHideFlags: 0
  m_CorrespondingSourceObject: {fileID: 0}
  m_PrefabInstance: {fileID: 0}
  m_PrefabAsset: {fileID: 0}
  m_GameObject: {fileID: 4747812320987066193}
  m_Enabled: 0
  m_EditorHideFlags: 0
  m_Script: {fileID: 11500000, guid: 552fb6fa4deaccb46ba7fa59819fc06a, type: 3}
  m_Name: 
  m_EditorClassIdentifier: 
  special: 0
  objects:
  - {fileID: 114804476450929574, guid: 5632efa4a7333514abbbd5ec19a50f7c, type: 3}
  objectSizeX:
    serializedVersion: 2
    m_Curve:
    - serializedVersion: 3
      time: 0
      value: 0.1
      inSlope: 0
      outSlope: 0
      tangentMode: 0
      weightedMode: 3
      inWeight: 0
      outWeight: 0
    - serializedVersion: 3
      time: 1
      value: 0.100001
      inSlope: 0
      outSlope: 0
      tangentMode: 0
      weightedMode: 3
      inWeight: 0
      outWeight: 0
    m_PreInfinity: 2
    m_PostInfinity: 2
    m_RotationOrder: 4
  objectSizeY:
    serializedVersion: 2
    m_Curve:
    - serializedVersion: 3
      time: 0
      value: 0.1
      inSlope: 0
      outSlope: 0
      tangentMode: 0
      weightedMode: 3
      inWeight: 0
      outWeight: 0
    - serializedVersion: 3
      time: 1
      value: 0.100001
      inSlope: 0
      outSlope: 0
      tangentMode: 0
      weightedMode: 3
      inWeight: 0
      outWeight: 0
    m_PreInfinity: 2
    m_PostInfinity: 2
    m_RotationOrder: 4
  objectSizeZ:
    serializedVersion: 2
    m_Curve:
    - serializedVersion: 3
      time: 0
      value: 0.1
      inSlope: 0
      outSlope: 0
      tangentMode: 0
      weightedMode: 3
      inWeight: 0
      outWeight: 0
    - serializedVersion: 3
      time: 1
      value: 0.100001
      inSlope: 0
      outSlope: 0
      tangentMode: 0
      weightedMode: 3
      inWeight: 0
      outWeight: 0
    m_PreInfinity: 2
    m_PostInfinity: 2
    m_RotationOrder: 4
  rotationX:
    serializedVersion: 2
    m_Curve:
    - serializedVersion: 3
      time: 0
      value: 1
      inSlope: 0
      outSlope: 0
      tangentMode: 34
      weightedMode: 0
      inWeight: 0
      outWeight: 0
    - serializedVersion: 3
      time: 1
      value: 1
      inSlope: 0
      outSlope: 0
      tangentMode: 34
      weightedMode: 0
      inWeight: 0
      outWeight: 0
    m_PreInfinity: 2
    m_PostInfinity: 2
    m_RotationOrder: 4
  rotationY:
    serializedVersion: 2
    m_Curve:
    - serializedVersion: 3
      time: 0
      value: 1
      inSlope: 0
      outSlope: 0
      tangentMode: 34
      weightedMode: 0
      inWeight: 0
      outWeight: 0
    - serializedVersion: 3
      time: 1
      value: 1
      inSlope: 0
      outSlope: 0
      tangentMode: 34
      weightedMode: 0
      inWeight: 0
      outWeight: 0
    m_PreInfinity: 2
    m_PostInfinity: 2
    m_RotationOrder: 4
  rotationZ:
    serializedVersion: 2
    m_Curve:
    - serializedVersion: 3
      time: 0
      value: 0
      inSlope: 180
      outSlope: 180
      tangentMode: 34
      weightedMode: 0
      inWeight: 0
      outWeight: 0.33333334
    - serializedVersion: 3
      time: 1
      value: 180
      inSlope: 180
      outSlope: 180
      tangentMode: 34
      weightedMode: 0
      inWeight: 0.33333334
      outWeight: 0
    m_PreInfinity: 2
    m_PostInfinity: 2
    m_RotationOrder: 4
  color:
    serializedVersion: 2
    key0: {r: 0.764151, g: 0.2559185, b: 0.27689266, a: 1}
    key1: {r: 0.7647059, g: 0.25882354, b: 0.2784314, a: 1}
    key2: {r: 1, g: 0.8209606, b: 0.07843137, a: 0}
    key3: {r: 1, g: 0.8209606, b: 0.07843137, a: 0}
    key4: {r: 1, g: 0.8209606, b: 0.07843137, a: 0}
    key5: {r: 1, g: 0.8209606, b: 0.07843137, a: 0}
    key6: {r: 1, g: 0.8209606, b: 0.07843137, a: 0}
    key7: {r: 0, g: 0, b: 0, a: 0}
    ctime0: 0
    ctime1: 64571
    ctime2: 64571
    ctime3: 64571
    ctime4: 64571
    ctime5: 64571
    ctime6: 64571
    ctime7: 0
    atime0: 0
    atime1: 65535
    atime2: 0
    atime3: 0
    atime4: 0
    atime5: 0
    atime6: 0
    atime7: 0
    m_Mode: 0
    m_NumColorKeys: 2
    m_NumAlphaKeys: 2
  spacing: 0.3
  radius: 0.3
  count: 1
  sprinklePreviewType: 5
--- !u!1 &4773109083040374932
GameObject:
  m_ObjectHideFlags: 0
  m_CorrespondingSourceObject: {fileID: 0}
  m_PrefabInstance: {fileID: 0}
  m_PrefabAsset: {fileID: 0}
  serializedVersion: 6
  m_Component:
  - component: {fileID: 4431206812205487116}
  - component: {fileID: 1007714073811941177}
  - component: {fileID: 4339928076423362854}
  - component: {fileID: 531362507895183937}
  m_Layer: 8
  m_Name: StrokeDisplay(Clone)
  m_TagString: Untagged
  m_Icon: {fileID: 0}
  m_NavMeshLayer: 0
  m_StaticEditorFlags: 0
  m_IsActive: 1
--- !u!4 &4431206812205487116
Transform:
  m_ObjectHideFlags: 0
  m_CorrespondingSourceObject: {fileID: 0}
  m_PrefabInstance: {fileID: 0}
  m_PrefabAsset: {fileID: 0}
  m_GameObject: {fileID: 4773109083040374932}
  m_LocalRotation: {x: -0, y: -0, z: -0, w: 1}
  m_LocalPosition: {x: 0, y: 0.767, z: -1.5}
  m_LocalScale: {x: 1, y: 1, z: 1}
  m_Children: []
  m_Father: {fileID: 1957416177654014539}
  m_RootOrder: 2
  m_LocalEulerAnglesHint: {x: 0, y: 0, z: 0}
--- !u!33 &1007714073811941177
MeshFilter:
  m_ObjectHideFlags: 0
  m_CorrespondingSourceObject: {fileID: 0}
  m_PrefabInstance: {fileID: 0}
  m_PrefabAsset: {fileID: 0}
  m_GameObject: {fileID: 4773109083040374932}
  m_Mesh: {fileID: 4300000, guid: 42d8ba7414f34b54fb3a9905efc1d308, type: 2}
--- !u!23 &4339928076423362854
MeshRenderer:
  m_ObjectHideFlags: 0
  m_CorrespondingSourceObject: {fileID: 0}
  m_PrefabInstance: {fileID: 0}
  m_PrefabAsset: {fileID: 0}
  m_GameObject: {fileID: 4773109083040374932}
  m_Enabled: 1
  m_CastShadows: 1
  m_ReceiveShadows: 1
  m_DynamicOccludee: 0
  m_MotionVectors: 1
  m_LightProbeUsage: 0
  m_ReflectionProbeUsage: 0
  m_RayTracingMode: 2
  m_RayTraceProcedural: 0
  m_RenderingLayerMask: 1
  m_RendererPriority: 0
  m_Materials:
  - {fileID: 2100000, guid: 763bc30760fe1384baaa20e543f3219b, type: 2}
  m_StaticBatchInfo:
    firstSubMesh: 0
    subMeshCount: 0
  m_StaticBatchRoot: {fileID: 0}
  m_ProbeAnchor: {fileID: 0}
  m_LightProbeVolumeOverride: {fileID: 0}
  m_ScaleInLightmap: 1
  m_ReceiveGI: 1
  m_PreserveUVs: 0
  m_IgnoreNormalsForChartDetection: 0
  m_ImportantGI: 0
  m_StitchLightmapSeams: 0
  m_SelectedEditorRenderState: 3
  m_MinimumChartSize: 4
  m_AutoUVMaxDistance: 0.5
  m_AutoUVMaxAngle: 89
  m_LightmapParameters: {fileID: 0}
  m_SortingLayerID: 0
  m_SortingLayer: 0
  m_SortingOrder: 0
  m_AdditionalVertexStreams: {fileID: 0}
--- !u!114 &531362507895183937
MonoBehaviour:
  m_ObjectHideFlags: 0
  m_CorrespondingSourceObject: {fileID: 0}
  m_PrefabInstance: {fileID: 0}
  m_PrefabAsset: {fileID: 0}
  m_GameObject: {fileID: 4773109083040374932}
  m_Enabled: 1
  m_EditorHideFlags: 0
  m_Script: {fileID: 11500000, guid: 691ba7df4f595b449a5dc3c4738184d8, type: 3}
  m_Name: 
  m_EditorClassIdentifier: 
  meshFilter: {fileID: 1007714073811941177}
  meshRenderer: {fileID: 4339928076423362854}
--- !u!1 &4826503099279615481
GameObject:
  m_ObjectHideFlags: 0
  m_CorrespondingSourceObject: {fileID: 0}
  m_PrefabInstance: {fileID: 0}
  m_PrefabAsset: {fileID: 0}
  serializedVersion: 6
  m_Component:
  - component: {fileID: 6402811187777502524}
  m_Layer: 8
  m_Name: Options
  m_TagString: Untagged
  m_Icon: {fileID: 0}
  m_NavMeshLayer: 0
  m_StaticEditorFlags: 0
  m_IsActive: 1
--- !u!4 &6402811187777502524
Transform:
  m_ObjectHideFlags: 0
  m_CorrespondingSourceObject: {fileID: 0}
  m_PrefabInstance: {fileID: 0}
  m_PrefabAsset: {fileID: 0}
  m_GameObject: {fileID: 4826503099279615481}
  m_LocalRotation: {x: 0, y: 0, z: 0, w: 1}
  m_LocalPosition: {x: 0, y: 0, z: 0}
  m_LocalScale: {x: 1, y: 1, z: 1}
  m_Children:
  - {fileID: 6840811643020785466}
  - {fileID: 8011258205857243585}
  - {fileID: 5464363872831667671}
  - {fileID: 6296481006190255364}
  m_Father: {fileID: 1890122900144488161}
  m_RootOrder: 0
  m_LocalEulerAnglesHint: {x: 0, y: 0, z: 0}
--- !u!1 &4857141766657574932
GameObject:
  m_ObjectHideFlags: 0
  m_CorrespondingSourceObject: {fileID: 0}
  m_PrefabInstance: {fileID: 0}
  m_PrefabAsset: {fileID: 0}
  serializedVersion: 6
  m_Component:
  - component: {fileID: 5256509874093419446}
  m_Layer: 0
  m_Name: previewCameraTransform
  m_TagString: Untagged
  m_Icon: {fileID: 0}
  m_NavMeshLayer: 0
  m_StaticEditorFlags: 0
  m_IsActive: 1
--- !u!4 &5256509874093419446
Transform:
  m_ObjectHideFlags: 0
  m_CorrespondingSourceObject: {fileID: 0}
  m_PrefabInstance: {fileID: 0}
  m_PrefabAsset: {fileID: 0}
  m_GameObject: {fileID: 4857141766657574932}
  m_LocalRotation: {x: 0.5, y: 0, z: 0, w: 0.8660254}
  m_LocalPosition: {x: 0, y: 6.6, z: -3.6}
  m_LocalScale: {x: 1, y: 1, z: 1}
  m_Children: []
  m_Father: {fileID: 3264843493329412552}
  m_RootOrder: 2
  m_LocalEulerAnglesHint: {x: 0, y: 0, z: 0}
--- !u!1 &5071129930688026660
GameObject:
  m_ObjectHideFlags: 0
  m_CorrespondingSourceObject: {fileID: 0}
  m_PrefabInstance: {fileID: 0}
  m_PrefabAsset: {fileID: 0}
  serializedVersion: 6
  m_Component:
  - component: {fileID: 6296481006190255364}
  - component: {fileID: 3689562324815719190}
  m_Layer: 8
  m_Name: Option (1)
  m_TagString: Untagged
  m_Icon: {fileID: 0}
  m_NavMeshLayer: 0
  m_StaticEditorFlags: 0
  m_IsActive: 1
--- !u!4 &6296481006190255364
Transform:
  m_ObjectHideFlags: 0
  m_CorrespondingSourceObject: {fileID: 0}
  m_PrefabInstance: {fileID: 0}
  m_PrefabAsset: {fileID: 0}
  m_GameObject: {fileID: 5071129930688026660}
  m_LocalRotation: {x: -0, y: -0, z: -0, w: 1}
  m_LocalPosition: {x: 0, y: 0, z: -0.10000004}
  m_LocalScale: {x: 0.29999998, y: 0.30000025, z: 1}
  m_Children: []
  m_Father: {fileID: 6402811187777502524}
  m_RootOrder: 3
  m_LocalEulerAnglesHint: {x: 0, y: 0, z: 0}
--- !u!114 &3689562324815719190
MonoBehaviour:
  m_ObjectHideFlags: 0
  m_CorrespondingSourceObject: {fileID: 0}
  m_PrefabInstance: {fileID: 0}
  m_PrefabAsset: {fileID: 0}
  m_GameObject: {fileID: 5071129930688026660}
  m_Enabled: 0
  m_EditorHideFlags: 0
  m_Script: {fileID: 11500000, guid: 552fb6fa4deaccb46ba7fa59819fc06a, type: 3}
  m_Name: 
  m_EditorClassIdentifier: 
  special: 1
  objects:
  - {fileID: 114949656525583656, guid: ffde707ea2815a743ab0552b2ed9ac38, type: 3}
  objectSizeX:
    serializedVersion: 2
    m_Curve:
    - serializedVersion: 3
      time: 0
      value: 0.1
      inSlope: 0
      outSlope: 0
      tangentMode: 0
      weightedMode: 3
      inWeight: 0
      outWeight: 0
    - serializedVersion: 3
      time: 1
      value: 0.1
      inSlope: 0
      outSlope: 0
      tangentMode: 0
      weightedMode: 3
      inWeight: 0
      outWeight: 0
    m_PreInfinity: 2
    m_PostInfinity: 2
    m_RotationOrder: 4
  objectSizeY:
    serializedVersion: 2
    m_Curve:
    - serializedVersion: 3
      time: 0
      value: 0.1
      inSlope: 0
      outSlope: 0
      tangentMode: 0
      weightedMode: 3
      inWeight: 0
      outWeight: 0
    - serializedVersion: 3
      time: 1
      value: 0.1
      inSlope: 0
      outSlope: 0
      tangentMode: 0
      weightedMode: 3
      inWeight: 0
      outWeight: 0
    m_PreInfinity: 2
    m_PostInfinity: 2
    m_RotationOrder: 4
  objectSizeZ:
    serializedVersion: 2
    m_Curve:
    - serializedVersion: 3
      time: 0
      value: 0.1
      inSlope: 0
      outSlope: 0
      tangentMode: 0
      weightedMode: 3
      inWeight: 0
      outWeight: 0
    - serializedVersion: 3
      time: 1
      value: 0.1
      inSlope: 0
      outSlope: 0
      tangentMode: 0
      weightedMode: 3
      inWeight: 0
      outWeight: 0
    m_PreInfinity: 2
    m_PostInfinity: 2
    m_RotationOrder: 4
  rotationX:
    serializedVersion: 2
    m_Curve:
    - serializedVersion: 3
      time: 0
      value: 0
      inSlope: 0
      outSlope: 0
      tangentMode: 0
      weightedMode: 3
      inWeight: 0
      outWeight: 0
    - serializedVersion: 3
      time: 1
      value: 0
      inSlope: 0
      outSlope: 0
      tangentMode: 0
      weightedMode: 3
      inWeight: 0
      outWeight: 0
    m_PreInfinity: 2
    m_PostInfinity: 2
    m_RotationOrder: 4
  rotationY:
    serializedVersion: 2
    m_Curve:
    - serializedVersion: 3
      time: 0
      value: 0
      inSlope: 0
      outSlope: 0
      tangentMode: 0
      weightedMode: 3
      inWeight: 0
      outWeight: 0
    - serializedVersion: 3
      time: 1
      value: 0
      inSlope: 0
      outSlope: 0
      tangentMode: 0
      weightedMode: 3
      inWeight: 0
      outWeight: 0
    m_PreInfinity: 2
    m_PostInfinity: 2
    m_RotationOrder: 4
  rotationZ:
    serializedVersion: 2
    m_Curve:
    - serializedVersion: 3
      time: 0
      value: 0
      inSlope: 0
      outSlope: 0
      tangentMode: 0
      weightedMode: 3
      inWeight: 0
      outWeight: 0
    - serializedVersion: 3
      time: 1
      value: 360
      inSlope: 0
      outSlope: 0
      tangentMode: 0
      weightedMode: 3
      inWeight: 0
      outWeight: 0
    m_PreInfinity: 2
    m_PostInfinity: 2
    m_RotationOrder: 4
  color:
    serializedVersion: 2
    key0: {r: 1, g: 0.5424528, b: 0.7190781, a: 1}
    key1: {r: 0.990566, g: 0.62144, b: 0.97782797, a: 1}
    key2: {r: 0.990566, g: 0.89985394, b: 0.378471, a: 0}
    key3: {r: 0.990566, g: 0.89985394, b: 0.378471, a: 0}
    key4: {r: 0.990566, g: 0.89985394, b: 0.378471, a: 0}
    key5: {r: 1, g: 0.8209606, b: 0.07843137, a: 0}
    key6: {r: 1, g: 0.8209606, b: 0.07843137, a: 0}
    key7: {r: 0, g: 0, b: 0, a: 0}
    ctime0: 0
    ctime1: 32575
    ctime2: 64571
    ctime3: 64571
    ctime4: 64571
    ctime5: 64571
    ctime6: 64571
    ctime7: 0
    atime0: 0
    atime1: 65535
    atime2: 0
    atime3: 0
    atime4: 0
    atime5: 0
    atime6: 0
    atime7: 0
    m_Mode: 0
    m_NumColorKeys: 3
    m_NumAlphaKeys: 2
  spacing: 0.577
  radius: 0.6
  count: 2
  sprinklePreviewType: 4
--- !u!1 &5313368715593707300
GameObject:
  m_ObjectHideFlags: 0
  m_CorrespondingSourceObject: {fileID: 0}
  m_PrefabInstance: {fileID: 0}
  m_PrefabAsset: {fileID: 0}
  serializedVersion: 6
  m_Component:
  - component: {fileID: 7453486235403761870}
  - component: {fileID: 1322268165633791626}
  - component: {fileID: 7665620868511342740}
  - component: {fileID: 1632055299304198835}
  m_Layer: 8
  m_Name: StrokeDisplay(Clone)
  m_TagString: Untagged
  m_Icon: {fileID: 0}
  m_NavMeshLayer: 0
  m_StaticEditorFlags: 0
  m_IsActive: 1
--- !u!4 &7453486235403761870
Transform:
  m_ObjectHideFlags: 0
  m_CorrespondingSourceObject: {fileID: 0}
  m_PrefabInstance: {fileID: 0}
  m_PrefabAsset: {fileID: 0}
  m_GameObject: {fileID: 5313368715593707300}
  m_LocalRotation: {x: -0, y: -0, z: -0, w: 1}
  m_LocalPosition: {x: 0, y: 0.767, z: -1.5}
  m_LocalScale: {x: 1, y: 1, z: 1}
  m_Children: []
  m_Father: {fileID: 1957416177654014539}
  m_RootOrder: 5
  m_LocalEulerAnglesHint: {x: 0, y: 0, z: 0}
--- !u!33 &1322268165633791626
MeshFilter:
  m_ObjectHideFlags: 0
  m_CorrespondingSourceObject: {fileID: 0}
  m_PrefabInstance: {fileID: 0}
  m_PrefabAsset: {fileID: 0}
  m_GameObject: {fileID: 5313368715593707300}
  m_Mesh: {fileID: 4300000, guid: 6e38cddab4d0c204ba90596554c3822b, type: 2}
--- !u!23 &7665620868511342740
MeshRenderer:
  m_ObjectHideFlags: 0
  m_CorrespondingSourceObject: {fileID: 0}
  m_PrefabInstance: {fileID: 0}
  m_PrefabAsset: {fileID: 0}
  m_GameObject: {fileID: 5313368715593707300}
  m_Enabled: 1
  m_CastShadows: 1
  m_ReceiveShadows: 1
  m_DynamicOccludee: 0
  m_MotionVectors: 1
  m_LightProbeUsage: 0
  m_ReflectionProbeUsage: 0
  m_RayTracingMode: 2
  m_RayTraceProcedural: 0
  m_RenderingLayerMask: 1
  m_RendererPriority: 0
  m_Materials:
  - {fileID: 2100000, guid: f2c808751a314ee4199bde10398d92f0, type: 2}
  m_StaticBatchInfo:
    firstSubMesh: 0
    subMeshCount: 0
  m_StaticBatchRoot: {fileID: 0}
  m_ProbeAnchor: {fileID: 0}
  m_LightProbeVolumeOverride: {fileID: 0}
  m_ScaleInLightmap: 1
  m_ReceiveGI: 1
  m_PreserveUVs: 0
  m_IgnoreNormalsForChartDetection: 0
  m_ImportantGI: 0
  m_StitchLightmapSeams: 0
  m_SelectedEditorRenderState: 3
  m_MinimumChartSize: 4
  m_AutoUVMaxDistance: 0.5
  m_AutoUVMaxAngle: 89
  m_LightmapParameters: {fileID: 0}
  m_SortingLayerID: 0
  m_SortingLayer: 0
  m_SortingOrder: 0
  m_AdditionalVertexStreams: {fileID: 0}
--- !u!114 &1632055299304198835
MonoBehaviour:
  m_ObjectHideFlags: 0
  m_CorrespondingSourceObject: {fileID: 0}
  m_PrefabInstance: {fileID: 0}
  m_PrefabAsset: {fileID: 0}
  m_GameObject: {fileID: 5313368715593707300}
  m_Enabled: 1
  m_EditorHideFlags: 0
  m_Script: {fileID: 11500000, guid: 691ba7df4f595b449a5dc3c4738184d8, type: 3}
  m_Name: 
  m_EditorClassIdentifier: 
  meshFilter: {fileID: 1322268165633791626}
  meshRenderer: {fileID: 7665620868511342740}
--- !u!1 &6911603575728147015
GameObject:
  m_ObjectHideFlags: 0
  m_CorrespondingSourceObject: {fileID: 0}
  m_PrefabInstance: {fileID: 0}
  m_PrefabAsset: {fileID: 0}
  serializedVersion: 6
  m_Component:
  - component: {fileID: 1957416177654014539}
  m_Layer: 8
  m_Name: Fruits
  m_TagString: Untagged
  m_Icon: {fileID: 0}
  m_NavMeshLayer: 0
  m_StaticEditorFlags: 0
  m_IsActive: 1
--- !u!4 &1957416177654014539
Transform:
  m_ObjectHideFlags: 0
  m_CorrespondingSourceObject: {fileID: 0}
  m_PrefabInstance: {fileID: 0}
  m_PrefabAsset: {fileID: 0}
  m_GameObject: {fileID: 6911603575728147015}
  m_LocalRotation: {x: 0, y: 0, z: 0, w: 1}
  m_LocalPosition: {x: 0, y: 0, z: 0}
  m_LocalScale: {x: 1, y: 1, z: 1}
  m_Children:
  - {fileID: 5966215817714722051}
  - {fileID: 4624677398403832434}
  - {fileID: 4431206812205487116}
  - {fileID: 7541671223736344583}
  - {fileID: 3306669849559012214}
  - {fileID: 7453486235403761870}
  m_Father: {fileID: 3285440156222899308}
  m_RootOrder: 2
  m_LocalEulerAnglesHint: {x: 0, y: 0, z: 0}
--- !u!1 &8387127074488491968
GameObject:
  m_ObjectHideFlags: 0
  m_CorrespondingSourceObject: {fileID: 0}
  m_PrefabInstance: {fileID: 0}
  m_PrefabAsset: {fileID: 0}
  serializedVersion: 6
  m_Component:
  - component: {fileID: 6281507580039989874}
  - component: {fileID: 4449095290195459006}
  m_Layer: 0
  m_Name: Path
  m_TagString: Untagged
  m_Icon: {fileID: 0}
  m_NavMeshLayer: 0
  m_StaticEditorFlags: 0
  m_IsActive: 1
--- !u!4 &6281507580039989874
Transform:
  m_ObjectHideFlags: 0
  m_CorrespondingSourceObject: {fileID: 0}
  m_PrefabInstance: {fileID: 0}
  m_PrefabAsset: {fileID: 0}
  m_GameObject: {fileID: 8387127074488491968}
  m_LocalRotation: {x: -0, y: -0, z: -0, w: 1}
  m_LocalPosition: {x: 0, y: 0, z: 0}
  m_LocalScale: {x: 0.8, y: 0.8000004, z: 1}
  m_Children: []
  m_Father: {fileID: 1890122900144488161}
  m_RootOrder: 3
  m_LocalEulerAnglesHint: {x: 0, y: 0, z: 0}
--- !u!114 &4449095290195459006
MonoBehaviour:
  m_ObjectHideFlags: 0
  m_CorrespondingSourceObject: {fileID: 0}
  m_PrefabInstance: {fileID: 0}
  m_PrefabAsset: {fileID: 0}
  m_GameObject: {fileID: 8387127074488491968}
  m_Enabled: 1
  m_EditorHideFlags: 0
  m_Script: {fileID: 11500000, guid: c25f2c3c6d52ab744a70ac080b3e3958, type: 3}
  m_Name: 
  m_EditorClassIdentifier: 
  svgPoints:
  - x: 0.2924187725631769
    y: 0.010830324909747294
  - x: 0.28886482165180244
    y: -0.03546043275951438
  - x: 0.2782862705148525
    y: -0.08066617430323533
  - x: 0.2609310714250132
    y: -0.12372731545424043
  - x: 0.23720601553936557
    y: -0.1636345395608814
  - x: 0.20766719805944445
    y: -0.1994524551138928
  - x: 0.17300698383103824
    y: -0.23034152053056978
  - x: 0.13403777889902566
    y: -0.25557772229790304
  - x: 0.09167298839824627
    y: -0.27456954523567934
  - x: 0.04690560711130733
    y: -0.28687183711095965
  - x: 0.0007849445125016771
    y: -0.29219624262912647
  - x: -0.04560797015691559
    y: -0.290417962237591
  - x: -0.09118572629790464
    y: -0.28157867732153014
  - x: -0.1348800199364352
    y: -0.26588557322754586
  - x: -0.17566669386318615
    y: -0.24370648301474307
  - x: -0.21258974301049638
    y: -0.21556126575958434
  - x: -0.244783722400878
    y: -0.1821096214997509
  - x: -0.2714940324437721
    y: -0.14413562842439465
  - x: -0.2920946061103825
    y: -0.1025293647459372
  - x: -0.30610258341420005
    y: -0.05826604602116819
  - x: -0.31318962923983473
    y: -0.012383166925146832
  - x: -0.31318962923983473
    y: 0.034043816744641214
  - x: -0.30610258341420016
    y: 0.07992669584066267
  - x: -0.2920946061103825
    y: 0.12419001456543179
  - x: -0.2714940324437723
    y: 0.165796278243889
  - x: -0.2447837224008781
    y: 0.2037702713192455
  - x: -0.21258974301049638
    y: 0.23722191557907893
  - x: -0.17566669386318615
    y: 0.2653671328342376
  - x: -0.13488001993643528
    y: 0.2875462230470404
  - x: -0.09118572629790485
    y: 0.30323932714102464
  - x: -0.04560797015691579
    y: 0.3120786120570856
  - x: 0.0007849445125016771
    y: 0.313856892448621
  - x: 0.04690560711130754
    y: 0.30853248693045426
  - x: 0.09167298839824627
    y: 0.2962301950551739
  - x: 0.13403777889902527
    y: 0.2772383721173978
  - x: 0.17300698383103824
    y: 0.2520021703500644
  - x: 0.20766719805944445
    y: 0.2211131049333874
  - x: 0.23720601553936577
    y: 0.18529518938037587
  - x: 0.2609310714250132
    y: 0.1453879652737352
  - x: 0.2782862705148525
    y: 0.10232682412273011
  - x: 0.28886482165180244
    y: 0.05712108257900897
  - x: 179.00777779877464
    y: 131.08873006280726
  - x: 179.00777779877464
    y: 131.08873006280726
  svgCommands: 01000000020000000200000002000000020000000200000002000000020000000200000002000000020000000200000002000000020000000200000002000000020000000200000002000000020000000200000002000000020000000200000002000000020000000200000002000000020000000200000002000000020000000200000002000000020000000200000002000000020000000200000002000000020000005f00000000000000
  reverse: 0
  offset: 0
--- !u!1 &8775388747933521302
GameObject:
  m_ObjectHideFlags: 0
  m_CorrespondingSourceObject: {fileID: 0}
  m_PrefabInstance: {fileID: 0}
  m_PrefabAsset: {fileID: 0}
  serializedVersion: 6
  m_Component:
  - component: {fileID: 2559866058117087337}
  - component: {fileID: 6563992432507651145}
  m_Layer: 0
  m_Name: Path
  m_TagString: Untagged
  m_Icon: {fileID: 0}
  m_NavMeshLayer: 0
  m_StaticEditorFlags: 0
  m_IsActive: 1
--- !u!4 &2559866058117087337
Transform:
  m_ObjectHideFlags: 0
  m_CorrespondingSourceObject: {fileID: 0}
  m_PrefabInstance: {fileID: 0}
  m_PrefabAsset: {fileID: 0}
  m_GameObject: {fileID: 8775388747933521302}
  m_LocalRotation: {x: -0, y: -0, z: -0, w: 1}
  m_LocalPosition: {x: 0, y: 0, z: 0}
  m_LocalScale: {x: 0.8, y: 0.8000004, z: 1}
  m_Children: []
  m_Father: {fileID: 1890122900144488161}
  m_RootOrder: 2
  m_LocalEulerAnglesHint: {x: 0, y: 0, z: 0}
--- !u!114 &6563992432507651145
MonoBehaviour:
  m_ObjectHideFlags: 0
  m_CorrespondingSourceObject: {fileID: 0}
  m_PrefabInstance: {fileID: 0}
  m_PrefabAsset: {fileID: 0}
  m_GameObject: {fileID: 8775388747933521302}
  m_Enabled: 1
  m_EditorHideFlags: 0
  m_Script: {fileID: 11500000, guid: c25f2c3c6d52ab744a70ac080b3e3958, type: 3}
  m_Name: 
  m_EditorClassIdentifier: 
  svgPoints:
  - x: 0.6490974729241877
    y: 0.010830324909747294
  - x: 0.6454823193982684
    y: -0.058150913665440715
  - x: 0.6346764671990602
    y: -0.1263763793555466
  - x: 0.6167983075045275
    y: -0.19309857968137328
  - x: 0.5920437171735288
    y: -0.2575864922536326
  - x: 0.5606839126779618
    y: -0.31913357400722014
  - x: 0.5230624785983408
    y: -0.37706550223488844
  - x: 0.47959160323923355
    y: -0.43074756260793967
  - x: 0.43074756260793967
    y: -0.47959160323923355
  - x: 0.37706550223488844
    y: -0.5230624785983408
  - x: 0.31913357400722037
    y: -0.5606839126779618
  - x: 0.25758649225363284
    y: -0.5920437171735288
  - x: 0.19309857968137328
    y: -0.6167983075045275
  - x: 0.1263763793555466
    y: -0.6346764671990602
  - x: 0.058150913665440715
    y: -0.6454823193982684
  - x: -0.010830324909747294
    y: -0.6490974729241877
  - x: -0.0798115634849351
    y: -0.6454823193982686
  - x: -0.148037029175041
    y: -0.6346764671990602
  - x: -0.21475922950086776
    y: -0.6167983075045275
  - x: -0.27924714207312734
    y: -0.5920437171735288
  - x: -0.3407942238267147
    y: -0.5606839126779618
  - x: -0.398726152054383
    y: -0.5230624785983408
  - x: -0.452408212427434
    y: -0.47959160323923355
  - x: -0.5012522530587281
    y: -0.43074756260793967
  - x: -0.5447231284178353
    y: -0.37706550223488844
  - x: -0.5823445624974564
    y: -0.31913357400722014
  - x: -0.6137043669930234
    y: -0.2575864922536326
  - x: -0.6384589573240219
    y: -0.19309857968137328
  - x: -0.6563371170185549
    y: -0.1263763793555466
  - x: -0.6671429692177631
    y: -0.058150913665440715
  - x: -0.6707581227436824
    y: 0.010830324909747294
  - x: -0.6671429692177631
    y: 0.07981156348493519
  - x: -0.6563371170185549
    y: 0.148037029175041
  - x: -0.6384589573240219
    y: 0.21475922950086807
  - x: -0.6137043669930234
    y: 0.2792471420731271
  - x: -0.5823445624974563
    y: 0.3407942238267149
  - x: -0.5447231284178354
    y: 0.398726152054383
  - x: -0.5012522530587281
    y: 0.45240821242743423
  - x: -0.45240821242743445
    y: 0.5012522530587279
  - x: -0.3987261520543831
    y: 0.5447231284178353
  - x: -0.34079422382671515
    y: 0.5823445624974563
  - x: -0.27924714207312734
    y: 0.6137043669930234
  - x: -0.21475922950086795
    y: 0.6384589573240219
  - x: -0.1480370291750415
    y: 0.6563371170185548
  - x: -0.0798115634849357
    y: 0.6671429692177631
  - x: -0.010830324909747498
    y: 0.6707581227436824
  - x: 0.05815091366544092
    y: 0.6671429692177631
  - x: 0.1263763793555466
    y: 0.6563371170185548
  - x: 0.19309857968137306
    y: 0.638458957324022
  - x: 0.25758649225363245
    y: 0.6137043669930234
  - x: 0.31913357400722037
    y: 0.5823445624974563
  - x: 0.3770655022348882
    y: 0.5447231284178355
  - x: 0.43074756260793984
    y: 0.5012522530587279
  - x: 0.4795916032392331
    y: 0.4524082124274346
  - x: 0.5230624785983408
    y: 0.3987261520543832
  - x: 0.5606839126779616
    y: 0.34079422382671515
  - x: 0.5920437171735288
    y: 0.27924714207312734
  - x: 0.6167983075045275
    y: 0.21475922950086807
  - x: 0.6346764671990602
    y: 0.1480370291750416
  - x: 0.6454823193982684
    y: 0.07981156348493582
  - x: 228.39930123666016
    y: 127.94609845733639
  - x: 228.39930123666016
    y: 127.94609845733639
  svgCommands: 0100000002000000020000000200000002000000020000000200000002000000020000000200000002000000020000000200000002000000020000000200000002000000020000000200000002000000020000000200000002000000020000000200000002000000020000000200000002000000020000000200000002000000020000000200000002000000020000000200000002000000020000000200000002000000020000000200000002000000020000000200000002000000020000000200000002000000020000000200000002000000020000000200000002000000020000000200000002000000020000005f00000000000000
  reverse: 0
  offset: 0
--- !u!1001 &5557346331176040556
PrefabInstance:
  m_ObjectHideFlags: 0
  serializedVersion: 2
  m_Modification:
    m_TransformParent: {fileID: 3264843493329412552}
    m_Modifications:
    - target: {fileID: 794801451098536653, guid: 9d985cef819570441b76d907819fd15c,
        type: 3}
      propertyPath: cakeColor.b
      value: 0.7607843
      objectReference: {fileID: 0}
    - target: {fileID: 794801451098536653, guid: 9d985cef819570441b76d907819fd15c,
        type: 3}
      propertyPath: cakeColor.g
      value: 0.8621908
      objectReference: {fileID: 0}
    - target: {fileID: 794801451098536653, guid: 9d985cef819570441b76d907819fd15c,
        type: 3}
      propertyPath: cakeColor.r
      value: 0.94509804
      objectReference: {fileID: 0}
    - target: {fileID: 794801451098536653, guid: 9d985cef819570441b76d907819fd15c,
        type: 3}
      propertyPath: cakeTexture
      value: 
      objectReference: {fileID: 0}
    - target: {fileID: 794801451098536653, guid: 9d985cef819570441b76d907819fd15c,
        type: 3}
      propertyPath: diskColor.b
      value: 0.5647059
      objectReference: {fileID: 0}
    - target: {fileID: 794801451098536653, guid: 9d985cef819570441b76d907819fd15c,
        type: 3}
      propertyPath: diskColor.g
      value: 0.21568628
      objectReference: {fileID: 0}
    - target: {fileID: 794801451098536653, guid: 9d985cef819570441b76d907819fd15c,
        type: 3}
      propertyPath: diskColor.r
      value: 0.6627451
      objectReference: {fileID: 0}
    - target: {fileID: 794801451098536653, guid: 9d985cef819570441b76d907819fd15c,
        type: 3}
      propertyPath: toppingTexture
      value: 
      objectReference: {fileID: 2800000, guid: be5a9b2a134d6bd44b15f2447b1af9f7, type: 3}
    - target: {fileID: 1341202605574904496, guid: 9d985cef819570441b76d907819fd15c,
        type: 3}
      propertyPath: m_Name
      value: CircleMSharp
      objectReference: {fileID: 0}
    - target: {fileID: 3318191623505339042, guid: 9d985cef819570441b76d907819fd15c,
        type: 3}
      propertyPath: m_RootOrder
      value: 2
      objectReference: {fileID: 0}
    - target: {fileID: 6955690194484411392, guid: 9d985cef819570441b76d907819fd15c,
        type: 3}
      propertyPath: m_RootOrder
      value: 0
      objectReference: {fileID: 0}
    - target: {fileID: 6955690194484411392, guid: 9d985cef819570441b76d907819fd15c,
        type: 3}
      propertyPath: m_LocalEulerAnglesHint.x
      value: 0
      objectReference: {fileID: 0}
    - target: {fileID: 6955690194484411392, guid: 9d985cef819570441b76d907819fd15c,
        type: 3}
      propertyPath: m_LocalEulerAnglesHint.y
      value: 0
      objectReference: {fileID: 0}
    - target: {fileID: 6955690194484411392, guid: 9d985cef819570441b76d907819fd15c,
        type: 3}
      propertyPath: m_LocalEulerAnglesHint.z
      value: 0
      objectReference: {fileID: 0}
    - target: {fileID: 7066835487498288381, guid: 9d985cef819570441b76d907819fd15c,
        type: 3}
      propertyPath: m_RootOrder
      value: 3
      objectReference: {fileID: 0}
    m_RemovedComponents: []
  m_SourcePrefab: {fileID: 100100000, guid: 9d985cef819570441b76d907819fd15c, type: 3}
--- !u!114 &5050816386048197281 stripped
MonoBehaviour:
  m_CorrespondingSourceObject: {fileID: 794801451098536653, guid: 9d985cef819570441b76d907819fd15c,
    type: 3}
  m_PrefabInstance: {fileID: 5557346331176040556}
  m_PrefabAsset: {fileID: 0}
  m_GameObject: {fileID: 0}
  m_Enabled: 0
  m_EditorHideFlags: 0
  m_Script: {fileID: 11500000, guid: d931adf55ff26eb4dab04b81b53ef544, type: 3}
  m_Name: 
  m_EditorClassIdentifier: 
--- !u!4 &6102919085310221155 stripped
Transform:
  m_CorrespondingSourceObject: {fileID: 1850493022598292239, guid: 9d985cef819570441b76d907819fd15c,
    type: 3}
  m_PrefabInstance: {fileID: 5557346331176040556}
  m_PrefabAsset: {fileID: 0}
--- !u!4 &3285440156222899308 stripped
Transform:
  m_CorrespondingSourceObject: {fileID: 6955690194484411392, guid: 9d985cef819570441b76d907819fd15c,
    type: 3}
  m_PrefabInstance: {fileID: 5557346331176040556}
  m_PrefabAsset: {fileID: 0}
