%YAML 1.1
%TAG !u! tag:unity3d.com,2011:
--- !u!1 &555771309801771448
GameObject:
  m_ObjectHideFlags: 0
  m_CorrespondingSourceObject: {fileID: 0}
  m_PrefabInstance: {fileID: 0}
  m_PrefabAsset: {fileID: 0}
  serializedVersion: 6
  m_Component:
  - component: {fileID: 555771309801409944}
  - component: {fileID: 555771309802737080}
  - component: {fileID: 555771309803704184}
  m_Layer: 8
  m_Name: polySurface398
  m_TagString: Untagged
  m_Icon: {fileID: 0}
  m_NavMeshLayer: 0
  m_StaticEditorFlags: 0
  m_IsActive: 1
--- !u!4 &555771309801409944
Transform:
  m_ObjectHideFlags: 0
  m_CorrespondingSourceObject: {fileID: 0}
  m_PrefabInstance: {fileID: 0}
  m_PrefabAsset: {fileID: 0}
  m_GameObject: {fileID: 555771309801771448}
  m_LocalRotation: {x: 0, y: -0, z: -0, w: 1}
  m_LocalPosition: {x: -0, y: 0, z: 0}
  m_LocalScale: {x: 1, y: 1, z: 1}
  m_Children: []
  m_Father: {fileID: 555771309801409950}
  m_RootOrder: 0
  m_LocalEulerAnglesHint: {x: 0, y: 0, z: 0}
--- !u!33 &555771309802737080
MeshFilter:
  m_ObjectHideFlags: 0
  m_CorrespondingSourceObject: {fileID: 0}
  m_PrefabInstance: {fileID: 0}
  m_PrefabAsset: {fileID: 0}
  m_GameObject: {fileID: 555771309801771448}
  m_Mesh: {fileID: 4300000, guid: a4212dcab54e7b14e8e398e3698783b2, type: 3}
--- !u!23 &555771309803704184
MeshRenderer:
  m_ObjectHideFlags: 0
  m_CorrespondingSourceObject: {fileID: 0}
  m_PrefabInstance: {fileID: 0}
  m_PrefabAsset: {fileID: 0}
  m_GameObject: {fileID: 555771309801771448}
  m_Enabled: 1
  m_CastShadows: 1
  m_ReceiveShadows: 1
  m_DynamicOccludee: 1
  m_MotionVectors: 1
  m_LightProbeUsage: 1
  m_ReflectionProbeUsage: 1
  m_RayTracingMode: 2
  m_RayTraceProcedural: 0
  m_RenderingLayerMask: 1
  m_RendererPriority: 0
  m_Materials:
  - {fileID: 2100000, guid: a4212dcab54e7b14e8e398e3698783b2, type: 3}
  m_StaticBatchInfo:
    firstSubMesh: 0
    subMeshCount: 0
  m_StaticBatchRoot: {fileID: 0}
  m_ProbeAnchor: {fileID: 0}
  m_LightProbeVolumeOverride: {fileID: 0}
  m_ScaleInLightmap: 1
  m_ReceiveGI: 1
  m_PreserveUVs: 0
  m_IgnoreNormalsForChartDetection: 0
  m_ImportantGI: 0
  m_StitchLightmapSeams: 0
  m_SelectedEditorRenderState: 3
  m_MinimumChartSize: 4
  m_AutoUVMaxDistance: 0.5
  m_AutoUVMaxAngle: 89
  m_LightmapParameters: {fileID: 0}
  m_SortingLayerID: 0
  m_SortingLayer: 0
  m_SortingOrder: 0
  m_AdditionalVertexStreams: {fileID: 0}
--- !u!1 &555771309801771450
GameObject:
  m_ObjectHideFlags: 0
  m_CorrespondingSourceObject: {fileID: 0}
  m_PrefabInstance: {fileID: 0}
  m_PrefabAsset: {fileID: 0}
  serializedVersion: 6
  m_Component:
  - component: {fileID: 555771309801409946}
  - component: {fileID: 555771309802737082}
  - component: {fileID: 555771309803704186}
  - component: {fileID: 6462315761446637536}
  m_Layer: 8
  m_Name: fill
  m_TagString: Untagged
  m_Icon: {fileID: 0}
  m_NavMeshLayer: 0
  m_StaticEditorFlags: 0
  m_IsActive: 1
--- !u!4 &555771309801409946
Transform:
  m_ObjectHideFlags: 0
  m_CorrespondingSourceObject: {fileID: 0}
  m_PrefabInstance: {fileID: 0}
  m_PrefabAsset: {fileID: 0}
  m_GameObject: {fileID: 555771309801771450}
  m_LocalRotation: {x: 0, y: -0, z: -0, w: 1}
  m_LocalPosition: {x: -0.00015528915, y: 0.0036, z: -3.4481118e-20}
  m_LocalScale: {x: 1, y: 1, z: 1}
  m_Children: []
  m_Father: {fileID: 555771309801409950}
  m_RootOrder: 1
  m_LocalEulerAnglesHint: {x: 0, y: 0, z: 0}
--- !u!33 &555771309802737082
MeshFilter:
  m_ObjectHideFlags: 0
  m_CorrespondingSourceObject: {fileID: 0}
  m_PrefabInstance: {fileID: 0}
  m_PrefabAsset: {fileID: 0}
  m_GameObject: {fileID: 555771309801771450}
  m_Mesh: {fileID: 4300002, guid: a4212dcab54e7b14e8e398e3698783b2, type: 3}
--- !u!23 &555771309803704186
MeshRenderer:
  m_ObjectHideFlags: 0
  m_CorrespondingSourceObject: {fileID: 0}
  m_PrefabInstance: {fileID: 0}
  m_PrefabAsset: {fileID: 0}
  m_GameObject: {fileID: 555771309801771450}
  m_Enabled: 1
  m_CastShadows: 1
  m_ReceiveShadows: 1
  m_DynamicOccludee: 1
  m_MotionVectors: 1
  m_LightProbeUsage: 1
  m_ReflectionProbeUsage: 1
  m_RayTracingMode: 2
  m_RayTraceProcedural: 0
  m_RenderingLayerMask: 1
  m_RendererPriority: 0
  m_Materials:
  - {fileID: 2100000, guid: b46dddc1209c16d439ce1ce508dc0a6c, type: 2}
  m_StaticBatchInfo:
    firstSubMesh: 0
    subMeshCount: 0
  m_StaticBatchRoot: {fileID: 0}
  m_ProbeAnchor: {fileID: 0}
  m_LightProbeVolumeOverride: {fileID: 0}
  m_ScaleInLightmap: 1
  m_ReceiveGI: 1
  m_PreserveUVs: 0
  m_IgnoreNormalsForChartDetection: 0
  m_ImportantGI: 0
  m_StitchLightmapSeams: 0
  m_SelectedEditorRenderState: 3
  m_MinimumChartSize: 4
  m_AutoUVMaxDistance: 0.5
  m_AutoUVMaxAngle: 89
  m_LightmapParameters: {fileID: 0}
  m_SortingLayerID: 0
  m_SortingLayer: 0
  m_SortingOrder: 0
  m_AdditionalVertexStreams: {fileID: 0}
--- !u!114 &6462315761446637536
MonoBehaviour:
  m_ObjectHideFlags: 0
  m_CorrespondingSourceObject: {fileID: 0}
  m_PrefabInstance: {fileID: 0}
  m_PrefabAsset: {fileID: 0}
  m_GameObject: {fileID: 555771309801771450}
  m_Enabled: 1
  m_EditorHideFlags: 0
  m_Script: {fileID: 11500000, guid: 40758bf246aff0e4bb78fe22dad545d5, type: 3}
  m_Name: 
  m_EditorClassIdentifier: 
  MaxWobble: 0.03
  WobbleSpeed: 1
  Recovery: 1
--- !u!1 &555771309801771452
GameObject:
  m_ObjectHideFlags: 0
  m_CorrespondingSourceObject: {fileID: 0}
  m_PrefabInstance: {fileID: 0}
  m_PrefabAsset: {fileID: 0}
  serializedVersion: 6
  m_Component:
  - component: {fileID: 555771309801409948}
  m_Layer: 8
  m_Name: transform2
  m_TagString: Untagged
  m_Icon: {fileID: 0}
  m_NavMeshLayer: 0
  m_StaticEditorFlags: 0
  m_IsActive: 1
--- !u!4 &555771309801409948
Transform:
  m_ObjectHideFlags: 0
  m_CorrespondingSourceObject: {fileID: 0}
  m_PrefabInstance: {fileID: 0}
  m_PrefabAsset: {fileID: 0}
  m_GameObject: {fileID: 555771309801771452}
  m_LocalRotation: {x: 0, y: -0, z: -0, w: 1}
  m_LocalPosition: {x: -0, y: 0, z: 0}
  m_LocalScale: {x: 1, y: 1, z: 1}
  m_Children: []
  m_Father: {fileID: 555771309801409950}
  m_RootOrder: 2
  m_LocalEulerAnglesHint: {x: 0, y: 0, z: 0}
--- !u!1 &555771309801771454
GameObject:
  m_ObjectHideFlags: 0
  m_CorrespondingSourceObject: {fileID: 0}
  m_PrefabInstance: {fileID: 0}
  m_PrefabAsset: {fileID: 0}
  serializedVersion: 6
  m_Component:
  - component: {fileID: 555771309801409950}
  m_Layer: 8
  m_Name: whale_fill
  m_TagString: Untagged
  m_Icon: {fileID: 0}
  m_NavMeshLayer: 0
  m_StaticEditorFlags: 0
  m_IsActive: 1
--- !u!4 &555771309801409950
Transform:
  m_ObjectHideFlags: 0
  m_CorrespondingSourceObject: {fileID: 0}
  m_PrefabInstance: {fileID: 0}
  m_PrefabAsset: {fileID: 0}
  m_GameObject: {fileID: 555771309801771454}
  m_LocalRotation: {x: -0.256421, y: 0.6306946, z: -0.15002626, w: 0.71691334}
  m_LocalPosition: {x: 0.05, y: -3.71, z: 3.31}
  m_LocalScale: {x: 101.82859, y: 101.828606, z: 101.82859}
  m_Children:
  - {fileID: 555771309801409944}
  - {fileID: 555771309801409946}
  - {fileID: 555771309801409948}
  m_Father: {fileID: 6462315761941628871}
  m_RootOrder: 0
  m_LocalEulerAnglesHint: {x: -10.278001, y: 85.748, z: -33.185}
--- !u!1 &2499891579847986296
GameObject:
  m_ObjectHideFlags: 0
  m_CorrespondingSourceObject: {fileID: 0}
  m_PrefabInstance: {fileID: 0}
  m_PrefabAsset: {fileID: 0}
  serializedVersion: 6
  m_Component:
  - component: {fileID: 2499891579847986299}
  - component: {fileID: 2499891579847986276}
  - component: {fileID: 2499891579847986277}
  - component: {fileID: 2499891579847986298}
  m_Layer: 8
  m_Name: Stream
  m_TagString: Untagged
  m_Icon: {fileID: 0}
  m_NavMeshLayer: 0
  m_StaticEditorFlags: 0
  m_IsActive: 1
--- !u!4 &2499891579847986299
Transform:
  m_ObjectHideFlags: 0
  m_CorrespondingSourceObject: {fileID: 0}
  m_PrefabInstance: {fileID: 0}
  m_PrefabAsset: {fileID: 0}
  m_GameObject: {fileID: 2499891579847986296}
  m_LocalRotation: {x: 0, y: 0, z: 0, w: 1}
  m_LocalPosition: {x: 0.03, y: 1.54, z: 0}
  m_LocalScale: {x: 1, y: 1, z: 1}
  m_Children: []
  m_Father: {fileID: 2499891580796953150}
  m_RootOrder: 1
  m_LocalEulerAnglesHint: {x: 0, y: 0, z: 0}
--- !u!114 &2499891579847986276
MonoBehaviour:
  m_ObjectHideFlags: 0
  m_CorrespondingSourceObject: {fileID: 0}
  m_PrefabInstance: {fileID: 0}
  m_PrefabAsset: {fileID: 0}
  m_GameObject: {fileID: 2499891579847986296}
  m_Enabled: 1
  m_EditorHideFlags: 0
  m_Script: {fileID: 11500000, guid: 7c89a8bfe62cdea45b7964b1bc3942fc, type: 3}
  m_Name: 
  m_EditorClassIdentifier: 
  move: {fileID: 2499891581264274049}
  renderer: {fileID: 2499891579847986298}
  meshFilter: {fileID: 2499891579847986277}
  thickness: 0.05
  pointer: {fileID: 2499891580505670229}
  LastPos: {x: 0, y: 0}
--- !u!33 &2499891579847986277
MeshFilter:
  m_ObjectHideFlags: 0
  m_CorrespondingSourceObject: {fileID: 0}
  m_PrefabInstance: {fileID: 0}
  m_PrefabAsset: {fileID: 0}
  m_GameObject: {fileID: 2499891579847986296}
  m_Mesh: {fileID: 0}
--- !u!23 &2499891579847986298
MeshRenderer:
  m_ObjectHideFlags: 0
  m_CorrespondingSourceObject: {fileID: 0}
  m_PrefabInstance: {fileID: 0}
  m_PrefabAsset: {fileID: 0}
  m_GameObject: {fileID: 2499891579847986296}
  m_Enabled: 1
  m_CastShadows: 1
  m_ReceiveShadows: 1
  m_DynamicOccludee: 1
  m_MotionVectors: 1
  m_LightProbeUsage: 1
  m_ReflectionProbeUsage: 1
  m_RayTracingMode: 2
  m_RayTraceProcedural: 0
  m_RenderingLayerMask: 1
  m_RendererPriority: 0
  m_Materials:
  - {fileID: 2100000, guid: 743e6fbd44fa69741a84d0a984b25197, type: 2}
  m_StaticBatchInfo:
    firstSubMesh: 0
    subMeshCount: 0
  m_StaticBatchRoot: {fileID: 0}
  m_ProbeAnchor: {fileID: 0}
  m_LightProbeVolumeOverride: {fileID: 0}
  m_ScaleInLightmap: 1
  m_ReceiveGI: 1
  m_PreserveUVs: 0
  m_IgnoreNormalsForChartDetection: 0
  m_ImportantGI: 0
  m_StitchLightmapSeams: 0
  m_SelectedEditorRenderState: 3
  m_MinimumChartSize: 4
  m_AutoUVMaxDistance: 0.5
  m_AutoUVMaxAngle: 89
  m_LightmapParameters: {fileID: 0}
  m_SortingLayerID: 0
  m_SortingLayer: 0
  m_SortingOrder: 0
  m_AdditionalVertexStreams: {fileID: 0}
--- !u!1 &2499891580505670250
GameObject:
  m_ObjectHideFlags: 0
  m_CorrespondingSourceObject: {fileID: 0}
  m_PrefabInstance: {fileID: 0}
  m_PrefabAsset: {fileID: 0}
  serializedVersion: 6
  m_Component:
  - component: {fileID: 2499891580505670229}
  m_Layer: 8
  m_Name: Pointer
  m_TagString: Untagged
  m_Icon: {fileID: 0}
  m_NavMeshLayer: 0
  m_StaticEditorFlags: 0
  m_IsActive: 1
--- !u!4 &2499891580505670229
Transform:
  m_ObjectHideFlags: 0
  m_CorrespondingSourceObject: {fileID: 0}
  m_PrefabInstance: {fileID: 0}
  m_PrefabAsset: {fileID: 0}
  m_GameObject: {fileID: 2499891580505670250}
  m_LocalRotation: {x: 0.7071068, y: -0, z: -0, w: 0.7071068}
  m_LocalPosition: {x: -0.42, y: 0, z: 0}
  m_LocalScale: {x: 1, y: 1, z: 1}
  m_Children:
  - {fileID: 5191717614639089247}
  m_Father: {fileID: 2499891580796953150}
  m_RootOrder: 2
  m_LocalEulerAnglesHint: {x: 90, y: 0, z: 0}
--- !u!1 &2499891580905744306
GameObject:
  m_ObjectHideFlags: 0
  m_CorrespondingSourceObject: {fileID: 0}
  m_PrefabInstance: {fileID: 0}
  m_PrefabAsset: {fileID: 0}
  serializedVersion: 6
  m_Component:
  - component: {fileID: 2499891580796953150}
  - component: {fileID: 2499891580796953145}
  m_Layer: 8
  m_Name: Carafe
  m_TagString: Untagged
  m_Icon: {fileID: 0}
  m_NavMeshLayer: 0
  m_StaticEditorFlags: 0
  m_IsActive: 1
--- !u!4 &2499891580796953150
Transform:
  m_ObjectHideFlags: 0
  m_CorrespondingSourceObject: {fileID: 0}
  m_PrefabInstance: {fileID: 0}
  m_PrefabAsset: {fileID: 0}
  m_GameObject: {fileID: 2499891580905744306}
  m_LocalRotation: {x: 0, y: 0, z: 0, w: 1}
  m_LocalPosition: {x: 0, y: 0, z: 0}
  m_LocalScale: {x: 1, y: 1, z: 1}
  m_Children:
  - {fileID: 2499891581264274049}
  - {fileID: 2499891579847986299}
  - {fileID: 2499891580505670229}
  m_Father: {fileID: 0}
  m_RootOrder: 0
  m_LocalEulerAnglesHint: {x: 0, y: 0, z: 0}
--- !u!114 &2499891580796953145
MonoBehaviour:
  m_ObjectHideFlags: 0
  m_CorrespondingSourceObject: {fileID: 0}
  m_PrefabInstance: {fileID: 0}
  m_PrefabAsset: {fileID: 0}
  m_GameObject: {fileID: 2499891580905744306}
  m_Enabled: 1
  m_EditorHideFlags: 0
  m_Script: {fileID: 11500000, guid: 5bcb9c93c5c95d24ea8db08dafb9d831, type: 3}
  m_Name: 
  m_EditorClassIdentifier: 
  move: {fileID: 2499891581264274049}
  stream: {fileID: 2499891579847986276}
  pointer: {fileID: 1271353120}
  Angle: 42
  completeFX: {fileID: 1230940957367705447}
  skins:
  - {fileID: 6462315762060935796}
  - {fileID: 6462315761422921843}
  - {fileID: 6462315761743478026}
  - {fileID: 6462315762080086188}
  - {fileID: 6462315761501835604}
  - {fileID: 6462315761941628870}
  - {fileID: 549121745892452925}
  - {fileID: 3639412564890483928}
  Ready: 0
--- !u!1 &2499891581264274054
GameObject:
  m_ObjectHideFlags: 0
  m_CorrespondingSourceObject: {fileID: 0}
  m_PrefabInstance: {fileID: 0}
  m_PrefabAsset: {fileID: 0}
  serializedVersion: 6
  m_Component:
  - component: {fileID: 2499891581264274049}
  m_Layer: 8
  m_Name: CarafeMove
  m_TagString: Untagged
  m_Icon: {fileID: 0}
  m_NavMeshLayer: 0
  m_StaticEditorFlags: 0
  m_IsActive: 1
--- !u!4 &2499891581264274049
Transform:
  m_ObjectHideFlags: 0
  m_CorrespondingSourceObject: {fileID: 0}
  m_PrefabInstance: {fileID: 0}
  m_PrefabAsset: {fileID: 0}
  m_GameObject: {fileID: 2499891581264274054}
  m_LocalRotation: {x: 0, y: 0, z: 0, w: 1}
  m_LocalPosition: {x: 0, y: 8, z: 0}
  m_LocalScale: {x: 1, y: 1, z: 1}
  m_Children:
  - {fileID: 6462315762060935797}
  - {fileID: 6462315761422921840}
  - {fileID: 6462315761743478027}
  - {fileID: 6462315762080086189}
  - {fileID: 6462315761501835605}
  - {fileID: 6462315761941628871}
  - {fileID: 549121745892452924}
  - {fileID: 3639412564890483929}
  - {fileID: 1230940957367993159}
  m_Father: {fileID: 2499891580796953150}
  m_RootOrder: 0
  m_LocalEulerAnglesHint: {x: 0, y: 0, z: 0}
--- !u!1 &2784434978767911540
GameObject:
  m_ObjectHideFlags: 0
  m_CorrespondingSourceObject: {fileID: 0}
  m_PrefabInstance: {fileID: 0}
  m_PrefabAsset: {fileID: 0}
  serializedVersion: 6
  m_Component:
  - component: {fileID: 2784434978768135764}
  - component: {fileID: 2784434978766841466}
  - component: {fileID: 2784434978765710522}
  m_Layer: 8
  m_Name: polySurface391
  m_TagString: Untagged
  m_Icon: {fileID: 0}
  m_NavMeshLayer: 0
  m_StaticEditorFlags: 0
  m_IsActive: 1
--- !u!4 &2784434978768135764
Transform:
  m_ObjectHideFlags: 0
  m_CorrespondingSourceObject: {fileID: 0}
  m_PrefabInstance: {fileID: 0}
  m_PrefabAsset: {fileID: 0}
  m_GameObject: {fileID: 2784434978767911540}
  m_LocalRotation: {x: 0, y: -0, z: -0, w: 1}
  m_LocalPosition: {x: -0, y: 0, z: 0}
  m_LocalScale: {x: 50, y: 50, z: 50}
  m_Children: []
  m_Father: {fileID: 2784434978768135772}
  m_RootOrder: 3
  m_LocalEulerAnglesHint: {x: 0, y: 0, z: 0}
--- !u!33 &2784434978766841466
MeshFilter:
  m_ObjectHideFlags: 0
  m_CorrespondingSourceObject: {fileID: 0}
  m_PrefabInstance: {fileID: 0}
  m_PrefabAsset: {fileID: 0}
  m_GameObject: {fileID: 2784434978767911540}
  m_Mesh: {fileID: 4300006, guid: 2a04e4a10cd836d4f892665a4db8b1db, type: 3}
--- !u!23 &2784434978765710522
MeshRenderer:
  m_ObjectHideFlags: 0
  m_CorrespondingSourceObject: {fileID: 0}
  m_PrefabInstance: {fileID: 0}
  m_PrefabAsset: {fileID: 0}
  m_GameObject: {fileID: 2784434978767911540}
  m_Enabled: 1
  m_CastShadows: 1
  m_ReceiveShadows: 1
  m_DynamicOccludee: 1
  m_MotionVectors: 1
  m_LightProbeUsage: 1
  m_ReflectionProbeUsage: 1
  m_RayTracingMode: 2
  m_RayTraceProcedural: 0
  m_RenderingLayerMask: 1
  m_RendererPriority: 0
  m_Materials:
  - {fileID: 2100006, guid: 2a04e4a10cd836d4f892665a4db8b1db, type: 3}
  m_StaticBatchInfo:
    firstSubMesh: 0
    subMeshCount: 0
  m_StaticBatchRoot: {fileID: 0}
  m_ProbeAnchor: {fileID: 0}
  m_LightProbeVolumeOverride: {fileID: 0}
  m_ScaleInLightmap: 1
  m_ReceiveGI: 1
  m_PreserveUVs: 0
  m_IgnoreNormalsForChartDetection: 0
  m_ImportantGI: 0
  m_StitchLightmapSeams: 0
  m_SelectedEditorRenderState: 3
  m_MinimumChartSize: 4
  m_AutoUVMaxDistance: 0.5
  m_AutoUVMaxAngle: 89
  m_LightmapParameters: {fileID: 0}
  m_SortingLayerID: 0
  m_SortingLayer: 0
  m_SortingOrder: 0
  m_AdditionalVertexStreams: {fileID: 0}
--- !u!1 &2784434978767911544
GameObject:
  m_ObjectHideFlags: 0
  m_CorrespondingSourceObject: {fileID: 0}
  m_PrefabInstance: {fileID: 0}
  m_PrefabAsset: {fileID: 0}
  serializedVersion: 6
  m_Component:
  - component: {fileID: 2784434978768135768}
  - component: {fileID: 2784434978766841470}
  - component: {fileID: 2784434978765710526}
  m_Layer: 8
  m_Name: polySurface197
  m_TagString: Untagged
  m_Icon: {fileID: 0}
  m_NavMeshLayer: 0
  m_StaticEditorFlags: 0
  m_IsActive: 1
--- !u!4 &2784434978768135768
Transform:
  m_ObjectHideFlags: 0
  m_CorrespondingSourceObject: {fileID: 0}
  m_PrefabInstance: {fileID: 0}
  m_PrefabAsset: {fileID: 0}
  m_GameObject: {fileID: 2784434978767911544}
  m_LocalRotation: {x: 0, y: -0, z: -0, w: 1}
  m_LocalPosition: {x: -0, y: 0, z: 0}
  m_LocalScale: {x: 50, y: 50, z: 50}
  m_Children: []
  m_Father: {fileID: 2784434978768135772}
  m_RootOrder: 1
  m_LocalEulerAnglesHint: {x: 0, y: 0, z: 0}
--- !u!33 &2784434978766841470
MeshFilter:
  m_ObjectHideFlags: 0
  m_CorrespondingSourceObject: {fileID: 0}
  m_PrefabInstance: {fileID: 0}
  m_PrefabAsset: {fileID: 0}
  m_GameObject: {fileID: 2784434978767911544}
  m_Mesh: {fileID: 4300002, guid: 2a04e4a10cd836d4f892665a4db8b1db, type: 3}
--- !u!23 &2784434978765710526
MeshRenderer:
  m_ObjectHideFlags: 0
  m_CorrespondingSourceObject: {fileID: 0}
  m_PrefabInstance: {fileID: 0}
  m_PrefabAsset: {fileID: 0}
  m_GameObject: {fileID: 2784434978767911544}
  m_Enabled: 1
  m_CastShadows: 1
  m_ReceiveShadows: 1
  m_DynamicOccludee: 1
  m_MotionVectors: 1
  m_LightProbeUsage: 1
  m_ReflectionProbeUsage: 1
  m_RayTracingMode: 2
  m_RayTraceProcedural: 0
  m_RenderingLayerMask: 1
  m_RendererPriority: 0
  m_Materials:
  - {fileID: 2100002, guid: 2a04e4a10cd836d4f892665a4db8b1db, type: 3}
  m_StaticBatchInfo:
    firstSubMesh: 0
    subMeshCount: 0
  m_StaticBatchRoot: {fileID: 0}
  m_ProbeAnchor: {fileID: 0}
  m_LightProbeVolumeOverride: {fileID: 0}
  m_ScaleInLightmap: 1
  m_ReceiveGI: 1
  m_PreserveUVs: 0
  m_IgnoreNormalsForChartDetection: 0
  m_ImportantGI: 0
  m_StitchLightmapSeams: 0
  m_SelectedEditorRenderState: 3
  m_MinimumChartSize: 4
  m_AutoUVMaxDistance: 0.5
  m_AutoUVMaxAngle: 89
  m_LightmapParameters: {fileID: 0}
  m_SortingLayerID: 0
  m_SortingLayer: 0
  m_SortingOrder: 0
  m_AdditionalVertexStreams: {fileID: 0}
--- !u!1 &2784434978767911546
GameObject:
  m_ObjectHideFlags: 0
  m_CorrespondingSourceObject: {fileID: 0}
  m_PrefabInstance: {fileID: 0}
  m_PrefabAsset: {fileID: 0}
  serializedVersion: 6
  m_Component:
  - component: {fileID: 2784434978768135770}
  - component: {fileID: 2784434978766841464}
  - component: {fileID: 2784434978765710520}
  m_Layer: 8
  m_Name: polySurface198
  m_TagString: Untagged
  m_Icon: {fileID: 0}
  m_NavMeshLayer: 0
  m_StaticEditorFlags: 0
  m_IsActive: 1
--- !u!4 &2784434978768135770
Transform:
  m_ObjectHideFlags: 0
  m_CorrespondingSourceObject: {fileID: 0}
  m_PrefabInstance: {fileID: 0}
  m_PrefabAsset: {fileID: 0}
  m_GameObject: {fileID: 2784434978767911546}
  m_LocalRotation: {x: 5.4464348e-17, y: 0.994472, z: -5.4464348e-17, w: -0.105001755}
  m_LocalPosition: {x: -0, y: 0, z: 0}
  m_LocalScale: {x: 50, y: 50, z: 50}
  m_Children: []
  m_Father: {fileID: 2784434978768135772}
  m_RootOrder: 2
  m_LocalEulerAnglesHint: {x: 0, y: 0, z: 0}
--- !u!33 &2784434978766841464
MeshFilter:
  m_ObjectHideFlags: 0
  m_CorrespondingSourceObject: {fileID: 0}
  m_PrefabInstance: {fileID: 0}
  m_PrefabAsset: {fileID: 0}
  m_GameObject: {fileID: 2784434978767911546}
  m_Mesh: {fileID: 4300004, guid: 2a04e4a10cd836d4f892665a4db8b1db, type: 3}
--- !u!23 &2784434978765710520
MeshRenderer:
  m_ObjectHideFlags: 0
  m_CorrespondingSourceObject: {fileID: 0}
  m_PrefabInstance: {fileID: 0}
  m_PrefabAsset: {fileID: 0}
  m_GameObject: {fileID: 2784434978767911546}
  m_Enabled: 1
  m_CastShadows: 1
  m_ReceiveShadows: 1
  m_DynamicOccludee: 1
  m_MotionVectors: 1
  m_LightProbeUsage: 1
  m_ReflectionProbeUsage: 1
  m_RayTracingMode: 2
  m_RayTraceProcedural: 0
  m_RenderingLayerMask: 1
  m_RendererPriority: 0
  m_Materials:
  - {fileID: 2100004, guid: 2a04e4a10cd836d4f892665a4db8b1db, type: 3}
  m_StaticBatchInfo:
    firstSubMesh: 0
    subMeshCount: 0
  m_StaticBatchRoot: {fileID: 0}
  m_ProbeAnchor: {fileID: 0}
  m_LightProbeVolumeOverride: {fileID: 0}
  m_ScaleInLightmap: 1
  m_ReceiveGI: 1
  m_PreserveUVs: 0
  m_IgnoreNormalsForChartDetection: 0
  m_ImportantGI: 0
  m_StitchLightmapSeams: 0
  m_SelectedEditorRenderState: 3
  m_MinimumChartSize: 4
  m_AutoUVMaxDistance: 0.5
  m_AutoUVMaxAngle: 89
  m_LightmapParameters: {fileID: 0}
  m_SortingLayerID: 0
  m_SortingLayer: 0
  m_SortingOrder: 0
  m_AdditionalVertexStreams: {fileID: 0}
--- !u!1 &2784434978767911548
GameObject:
  m_ObjectHideFlags: 0
  m_CorrespondingSourceObject: {fileID: 0}
  m_PrefabInstance: {fileID: 0}
  m_PrefabAsset: {fileID: 0}
  serializedVersion: 6
  m_Component:
  - component: {fileID: 2784434978768135772}
  m_Layer: 8
  m_Name: coffee_fill
  m_TagString: Untagged
  m_Icon: {fileID: 0}
  m_NavMeshLayer: 0
  m_StaticEditorFlags: 0
  m_IsActive: 1
--- !u!4 &2784434978768135772
Transform:
  m_ObjectHideFlags: 0
  m_CorrespondingSourceObject: {fileID: 0}
  m_PrefabInstance: {fileID: 0}
  m_PrefabAsset: {fileID: 0}
  m_GameObject: {fileID: 2784434978767911548}
  m_LocalRotation: {x: 0.051524606, y: -0.7624975, z: 0.21938074, w: 0.60647756}
  m_LocalPosition: {x: 0.93, y: -5.62, z: 1.22}
  m_LocalScale: {x: 1.8094814, y: 1.8094809, z: 1.8094813}
  m_Children:
  - {fileID: 2784434978768135774}
  - {fileID: 2784434978768135768}
  - {fileID: 2784434978768135770}
  - {fileID: 2784434978768135764}
  m_Father: {fileID: 6462315761422921840}
  m_RootOrder: 0
  m_LocalEulerAnglesHint: {x: 23.394001, y: -100.55501, z: 11.790001}
--- !u!1 &2784434978767911550
GameObject:
  m_ObjectHideFlags: 0
  m_CorrespondingSourceObject: {fileID: 0}
  m_PrefabInstance: {fileID: 0}
  m_PrefabAsset: {fileID: 0}
  serializedVersion: 6
  m_Component:
  - component: {fileID: 2784434978768135774}
  - component: {fileID: 2784434978766841468}
  - component: {fileID: 2784434978765710524}
  m_Layer: 8
  m_Name: Nap
  m_TagString: Untagged
  m_Icon: {fileID: 0}
  m_NavMeshLayer: 0
  m_StaticEditorFlags: 0
  m_IsActive: 1
--- !u!4 &2784434978768135774
Transform:
  m_ObjectHideFlags: 0
  m_CorrespondingSourceObject: {fileID: 0}
  m_PrefabInstance: {fileID: 0}
  m_PrefabAsset: {fileID: 0}
  m_GameObject: {fileID: 2784434978767911550}
  m_LocalRotation: {x: 0, y: -0, z: -0, w: 1}
  m_LocalPosition: {x: -0, y: 0, z: 0}
  m_LocalScale: {x: 50, y: 50, z: 50}
  m_Children: []
  m_Father: {fileID: 2784434978768135772}
  m_RootOrder: 0
  m_LocalEulerAnglesHint: {x: 0, y: 0, z: 0}
--- !u!33 &2784434978766841468
MeshFilter:
  m_ObjectHideFlags: 0
  m_CorrespondingSourceObject: {fileID: 0}
  m_PrefabInstance: {fileID: 0}
  m_PrefabAsset: {fileID: 0}
  m_GameObject: {fileID: 2784434978767911550}
  m_Mesh: {fileID: 4300000, guid: 2a04e4a10cd836d4f892665a4db8b1db, type: 3}
--- !u!23 &2784434978765710524
MeshRenderer:
  m_ObjectHideFlags: 0
  m_CorrespondingSourceObject: {fileID: 0}
  m_PrefabInstance: {fileID: 0}
  m_PrefabAsset: {fileID: 0}
  m_GameObject: {fileID: 2784434978767911550}
  m_Enabled: 1
  m_CastShadows: 1
  m_ReceiveShadows: 1
  m_DynamicOccludee: 1
  m_MotionVectors: 1
  m_LightProbeUsage: 1
  m_ReflectionProbeUsage: 1
  m_RayTracingMode: 2
  m_RayTraceProcedural: 0
  m_RenderingLayerMask: 1
  m_RendererPriority: 0
  m_Materials:
  - {fileID: 2100000, guid: a1330d1553697b642b1017ac8102b1ed, type: 2}
  m_StaticBatchInfo:
    firstSubMesh: 0
    subMeshCount: 0
  m_StaticBatchRoot: {fileID: 0}
  m_ProbeAnchor: {fileID: 0}
  m_LightProbeVolumeOverride: {fileID: 0}
  m_ScaleInLightmap: 1
  m_ReceiveGI: 1
  m_PreserveUVs: 0
  m_IgnoreNormalsForChartDetection: 0
  m_ImportantGI: 0
  m_StitchLightmapSeams: 0
  m_SelectedEditorRenderState: 3
  m_MinimumChartSize: 4
  m_AutoUVMaxDistance: 0.5
  m_AutoUVMaxAngle: 89
  m_LightmapParameters: {fileID: 0}
  m_SortingLayerID: 0
  m_SortingLayer: 0
  m_SortingOrder: 0
  m_AdditionalVertexStreams: {fileID: 0}
--- !u!1 &3174695378794417802
GameObject:
  m_ObjectHideFlags: 0
  m_CorrespondingSourceObject: {fileID: 0}
  m_PrefabInstance: {fileID: 0}
  m_PrefabAsset: {fileID: 0}
  serializedVersion: 6
  m_Component:
  - component: {fileID: 3174695378794189482}
  - component: {fileID: 3174695378795516556}
  - component: {fileID: 3174695378796613708}
  m_Layer: 8
  m_Name: pCylinder2
  m_TagString: Untagged
  m_Icon: {fileID: 0}
  m_NavMeshLayer: 0
  m_StaticEditorFlags: 0
  m_IsActive: 1
--- !u!4 &3174695378794189482
Transform:
  m_ObjectHideFlags: 0
  m_CorrespondingSourceObject: {fileID: 0}
  m_PrefabInstance: {fileID: 0}
  m_PrefabAsset: {fileID: 0}
  m_GameObject: {fileID: 3174695378794417802}
  m_LocalRotation: {x: 0, y: 0, z: 0.24761692, w: 0.96885806}
  m_LocalPosition: {x: -0.0026037558, y: 0.0137412995, z: 0.018267611}
  m_LocalScale: {x: 0.15028729, y: 0.065552786, z: 0.15028729}
  m_Children: []
  m_Father: {fileID: 3174695378794189486}
  m_RootOrder: 1
  m_LocalEulerAnglesHint: {x: 0, y: 0, z: 0}
--- !u!33 &3174695378795516556
MeshFilter:
  m_ObjectHideFlags: 0
  m_CorrespondingSourceObject: {fileID: 0}
  m_PrefabInstance: {fileID: 0}
  m_PrefabAsset: {fileID: 0}
  m_GameObject: {fileID: 3174695378794417802}
  m_Mesh: {fileID: 4300002, guid: a01347a9abdde584b8774a9111fcc4bb, type: 3}
--- !u!23 &3174695378796613708
MeshRenderer:
  m_ObjectHideFlags: 0
  m_CorrespondingSourceObject: {fileID: 0}
  m_PrefabInstance: {fileID: 0}
  m_PrefabAsset: {fileID: 0}
  m_GameObject: {fileID: 3174695378794417802}
  m_Enabled: 1
  m_CastShadows: 1
  m_ReceiveShadows: 1
  m_DynamicOccludee: 1
  m_MotionVectors: 1
  m_LightProbeUsage: 1
  m_ReflectionProbeUsage: 1
  m_RayTracingMode: 2
  m_RayTraceProcedural: 0
  m_RenderingLayerMask: 1
  m_RendererPriority: 0
  m_Materials:
  - {fileID: 2100002, guid: a01347a9abdde584b8774a9111fcc4bb, type: 3}
  m_StaticBatchInfo:
    firstSubMesh: 0
    subMeshCount: 0
  m_StaticBatchRoot: {fileID: 0}
  m_ProbeAnchor: {fileID: 0}
  m_LightProbeVolumeOverride: {fileID: 0}
  m_ScaleInLightmap: 1
  m_ReceiveGI: 1
  m_PreserveUVs: 0
  m_IgnoreNormalsForChartDetection: 0
  m_ImportantGI: 0
  m_StitchLightmapSeams: 0
  m_SelectedEditorRenderState: 3
  m_MinimumChartSize: 4
  m_AutoUVMaxDistance: 0.5
  m_AutoUVMaxAngle: 89
  m_LightmapParameters: {fileID: 0}
  m_SortingLayerID: 0
  m_SortingLayer: 0
  m_SortingOrder: 0
  m_AdditionalVertexStreams: {fileID: 0}
--- !u!1 &3174695378794417804
GameObject:
  m_ObjectHideFlags: 0
  m_CorrespondingSourceObject: {fileID: 0}
  m_PrefabInstance: {fileID: 0}
  m_PrefabAsset: {fileID: 0}
  serializedVersion: 6
  m_Component:
  - component: {fileID: 3174695378794189484}
  - component: {fileID: 3174695378795516558}
  - component: {fileID: 3174695378796613710}
  m_Layer: 8
  m_Name: pCube1
  m_TagString: Untagged
  m_Icon: {fileID: 0}
  m_NavMeshLayer: 0
  m_StaticEditorFlags: 0
  m_IsActive: 1
--- !u!4 &3174695378794189484
Transform:
  m_ObjectHideFlags: 0
  m_CorrespondingSourceObject: {fileID: 0}
  m_PrefabInstance: {fileID: 0}
  m_PrefabAsset: {fileID: 0}
  m_GameObject: {fileID: 3174695378794417804}
  m_LocalRotation: {x: 0, y: -0, z: -0, w: 1}
  m_LocalPosition: {x: -0, y: 0.0058145807, z: 0.020837137}
  m_LocalScale: {x: 1, y: 1.2313551, z: 1}
  m_Children: []
  m_Father: {fileID: 3174695378794189486}
  m_RootOrder: 0
  m_LocalEulerAnglesHint: {x: 0, y: 0, z: 0}
--- !u!33 &3174695378795516558
MeshFilter:
  m_ObjectHideFlags: 0
  m_CorrespondingSourceObject: {fileID: 0}
  m_PrefabInstance: {fileID: 0}
  m_PrefabAsset: {fileID: 0}
  m_GameObject: {fileID: 3174695378794417804}
  m_Mesh: {fileID: 4300000, guid: a01347a9abdde584b8774a9111fcc4bb, type: 3}
--- !u!23 &3174695378796613710
MeshRenderer:
  m_ObjectHideFlags: 0
  m_CorrespondingSourceObject: {fileID: 0}
  m_PrefabInstance: {fileID: 0}
  m_PrefabAsset: {fileID: 0}
  m_GameObject: {fileID: 3174695378794417804}
  m_Enabled: 1
  m_CastShadows: 1
  m_ReceiveShadows: 1
  m_DynamicOccludee: 1
  m_MotionVectors: 1
  m_LightProbeUsage: 1
  m_ReflectionProbeUsage: 1
  m_RayTracingMode: 2
  m_RayTraceProcedural: 0
  m_RenderingLayerMask: 1
  m_RendererPriority: 0
  m_Materials:
  - {fileID: 2100000, guid: a01347a9abdde584b8774a9111fcc4bb, type: 3}
  m_StaticBatchInfo:
    firstSubMesh: 0
    subMeshCount: 0
  m_StaticBatchRoot: {fileID: 0}
  m_ProbeAnchor: {fileID: 0}
  m_LightProbeVolumeOverride: {fileID: 0}
  m_ScaleInLightmap: 1
  m_ReceiveGI: 1
  m_PreserveUVs: 0
  m_IgnoreNormalsForChartDetection: 0
  m_ImportantGI: 0
  m_StitchLightmapSeams: 0
  m_SelectedEditorRenderState: 3
  m_MinimumChartSize: 4
  m_AutoUVMaxDistance: 0.5
  m_AutoUVMaxAngle: 89
  m_LightmapParameters: {fileID: 0}
  m_SortingLayerID: 0
  m_SortingLayer: 0
  m_SortingOrder: 0
  m_AdditionalVertexStreams: {fileID: 0}
--- !u!1 &3174695378794417806
GameObject:
  m_ObjectHideFlags: 0
  m_CorrespondingSourceObject: {fileID: 0}
  m_PrefabInstance: {fileID: 0}
  m_PrefabAsset: {fileID: 0}
  serializedVersion: 6
  m_Component:
  - component: {fileID: 3174695378794189486}
  m_Layer: 8
  m_Name: milk_fill
  m_TagString: Untagged
  m_Icon: {fileID: 0}
  m_NavMeshLayer: 0
  m_StaticEditorFlags: 0
  m_IsActive: 1
--- !u!4 &3174695378794189486
Transform:
  m_ObjectHideFlags: 0
  m_CorrespondingSourceObject: {fileID: 0}
  m_PrefabInstance: {fileID: 0}
  m_PrefabAsset: {fileID: 0}
  m_GameObject: {fileID: 3174695378794417806}
  m_LocalRotation: {x: 0.06830323, y: -0.8627932, z: 0.19883128, w: 0.4597704}
  m_LocalPosition: {x: 9.21, y: 0.98, z: 6.75}
  m_LocalScale: {x: 500.00046, y: 500.0001, z: 500.00046}
  m_Children:
  - {fileID: 3174695378794189484}
  - {fileID: 3174695378794189482}
  m_Father: {fileID: 6462315762080086189}
  m_RootOrder: 0
  m_LocalEulerAnglesHint: {x: 23.948002, y: -123.03001, z: 4.077}
--- !u!1 &6462315761060628672
GameObject:
  m_ObjectHideFlags: 0
  m_CorrespondingSourceObject: {fileID: 0}
  m_PrefabInstance: {fileID: 0}
  m_PrefabAsset: {fileID: 0}
  serializedVersion: 6
  m_Component:
  - component: {fileID: 6462315761060628673}
  m_Layer: 8
  m_Name: transform1
  m_TagString: Untagged
  m_Icon: {fileID: 0}
  m_NavMeshLayer: 0
  m_StaticEditorFlags: 0
  m_IsActive: 1
--- !u!4 &6462315761060628673
Transform:
  m_ObjectHideFlags: 0
  m_CorrespondingSourceObject: {fileID: 0}
  m_PrefabInstance: {fileID: 0}
  m_PrefabAsset: {fileID: 0}
  m_GameObject: {fileID: 6462315761060628672}
  m_LocalRotation: {x: 0, y: -0, z: -0, w: 1}
  m_LocalPosition: {x: -0, y: 0, z: 0}
  m_LocalScale: {x: 1, y: 1, z: 1}
  m_Children: []
  m_Father: {fileID: 6462315761281961723}
  m_RootOrder: 2
  m_LocalEulerAnglesHint: {x: 0, y: 0, z: 0}
--- !u!1 &6462315761253511333
GameObject:
  m_ObjectHideFlags: 0
  m_CorrespondingSourceObject: {fileID: 0}
  m_PrefabInstance: {fileID: 0}
  m_PrefabAsset: {fileID: 0}
  serializedVersion: 6
  m_Component:
  - component: {fileID: 6462315761253511386}
  - component: {fileID: 6462315761253511384}
  - component: {fileID: 6462315761253511387}
  m_Layer: 8
  m_Name: polySurface396
  m_TagString: Untagged
  m_Icon: {fileID: 0}
  m_NavMeshLayer: 0
  m_StaticEditorFlags: 0
  m_IsActive: 1
--- !u!4 &6462315761253511386
Transform:
  m_ObjectHideFlags: 0
  m_CorrespondingSourceObject: {fileID: 0}
  m_PrefabInstance: {fileID: 0}
  m_PrefabAsset: {fileID: 0}
  m_GameObject: {fileID: 6462315761253511333}
  m_LocalRotation: {x: 0, y: -0, z: -0, w: 1}
  m_LocalPosition: {x: -0, y: 0, z: 0}
  m_LocalScale: {x: 1, y: 1, z: 1}
  m_Children: []
  m_Father: {fileID: 6462315761281961723}
  m_RootOrder: 0
  m_LocalEulerAnglesHint: {x: 0, y: 0, z: 0}
--- !u!33 &6462315761253511384
MeshFilter:
  m_ObjectHideFlags: 0
  m_CorrespondingSourceObject: {fileID: 0}
  m_PrefabInstance: {fileID: 0}
  m_PrefabAsset: {fileID: 0}
  m_GameObject: {fileID: 6462315761253511333}
  m_Mesh: {fileID: 4300000, guid: 4a13f86b4c40e8344a078100f39c7d75, type: 3}
--- !u!23 &6462315761253511387
MeshRenderer:
  m_ObjectHideFlags: 0
  m_CorrespondingSourceObject: {fileID: 0}
  m_PrefabInstance: {fileID: 0}
  m_PrefabAsset: {fileID: 0}
  m_GameObject: {fileID: 6462315761253511333}
  m_Enabled: 1
  m_CastShadows: 1
  m_ReceiveShadows: 1
  m_DynamicOccludee: 1
  m_MotionVectors: 1
  m_LightProbeUsage: 1
  m_ReflectionProbeUsage: 1
  m_RayTracingMode: 2
  m_RayTraceProcedural: 0
  m_RenderingLayerMask: 1
  m_RendererPriority: 0
  m_Materials:
  - {fileID: 2100000, guid: 18ed21c308cac3746ac147353926c858, type: 2}
  m_StaticBatchInfo:
    firstSubMesh: 0
    subMeshCount: 0
  m_StaticBatchRoot: {fileID: 0}
  m_ProbeAnchor: {fileID: 0}
  m_LightProbeVolumeOverride: {fileID: 0}
  m_ScaleInLightmap: 1
  m_ReceiveGI: 1
  m_PreserveUVs: 0
  m_IgnoreNormalsForChartDetection: 0
  m_ImportantGI: 0
  m_StitchLightmapSeams: 0
  m_SelectedEditorRenderState: 3
  m_MinimumChartSize: 4
  m_AutoUVMaxDistance: 0.5
  m_AutoUVMaxAngle: 89
  m_LightmapParameters: {fileID: 0}
  m_SortingLayerID: 0
  m_SortingLayer: 0
  m_SortingOrder: 0
  m_AdditionalVertexStreams: {fileID: 0}
--- !u!1 &6462315761281961722
GameObject:
  m_ObjectHideFlags: 0
  m_CorrespondingSourceObject: {fileID: 0}
  m_PrefabInstance: {fileID: 0}
  m_PrefabAsset: {fileID: 0}
  serializedVersion: 6
  m_Component:
  - component: {fileID: 6462315761281961723}
  m_Layer: 8
  m_Name: pCylinder1
  m_TagString: Untagged
  m_Icon: {fileID: 0}
  m_NavMeshLayer: 0
  m_StaticEditorFlags: 0
  m_IsActive: 1
--- !u!4 &6462315761281961723
Transform:
  m_ObjectHideFlags: 0
  m_CorrespondingSourceObject: {fileID: 0}
  m_PrefabInstance: {fileID: 0}
  m_PrefabAsset: {fileID: 0}
  m_GameObject: {fileID: 6462315761281961722}
  m_LocalRotation: {x: 0, y: -0, z: -0, w: 1}
  m_LocalPosition: {x: -0, y: 0.010675219, z: 0}
  m_LocalScale: {x: 0.7335087, y: 1, z: 0.74608094}
  m_Children:
  - {fileID: 6462315761253511386}
  - {fileID: 6462315761882551626}
  - {fileID: 6462315761060628673}
  m_Father: {fileID: 6462315761602741061}
  m_RootOrder: 0
  m_LocalEulerAnglesHint: {x: 0, y: 0, z: 0}
--- !u!1 &6462315761422921843
GameObject:
  m_ObjectHideFlags: 0
  m_CorrespondingSourceObject: {fileID: 0}
  m_PrefabInstance: {fileID: 0}
  m_PrefabAsset: {fileID: 0}
  serializedVersion: 6
  m_Component:
  - component: {fileID: 6462315761422921840}
  - component: {fileID: 6462315761422921841}
  m_Layer: 8
  m_Name: coffee_glaze
  m_TagString: Untagged
  m_Icon: {fileID: 0}
  m_NavMeshLayer: 0
  m_StaticEditorFlags: 0
  m_IsActive: 0
--- !u!4 &6462315761422921840
Transform:
  m_ObjectHideFlags: 0
  m_CorrespondingSourceObject: {fileID: 0}
  m_PrefabInstance: {fileID: 0}
  m_PrefabAsset: {fileID: 0}
  m_GameObject: {fileID: 6462315761422921843}
  m_LocalRotation: {x: 0.08547907, y: -0.31369475, z: -0.04676074, w: -0.9445117}
  m_LocalPosition: {x: 0.217, y: 1.639, z: 0.145}
  m_LocalScale: {x: 0.1, y: 0.10000002, z: 0.10000001}
  m_Children:
  - {fileID: 2784434978768135772}
  m_Father: {fileID: 2499891581264274049}
  m_RootOrder: 1
  m_LocalEulerAnglesHint: {x: -79.950005, y: 20.549002, z: 11.5390005}
--- !u!114 &6462315761422921841
MonoBehaviour:
  m_ObjectHideFlags: 0
  m_CorrespondingSourceObject: {fileID: 0}
  m_PrefabInstance: {fileID: 0}
  m_PrefabAsset: {fileID: 0}
  m_GameObject: {fileID: 6462315761422921843}
  m_Enabled: 1
  m_EditorHideFlags: 0
  m_Script: {fileID: 11500000, guid: e770def86b34f8e41a11cb9b96d526c0, type: 3}
  m_Name: 
  m_EditorClassIdentifier: 
  StartAngle: {x: -11, y: 36.55, z: 2.026}
  EndAngle: {x: -79.95, y: 20.549, z: 11.539}
  TableOffset: {x: 0, y: 0, z: 0}
--- !u!1 &6462315761501835604
GameObject:
  m_ObjectHideFlags: 0
  m_CorrespondingSourceObject: {fileID: 0}
  m_PrefabInstance: {fileID: 0}
  m_PrefabAsset: {fileID: 0}
  serializedVersion: 6
  m_Component:
  - component: {fileID: 6462315761501835605}
  - component: {fileID: 6462315761501835594}
  m_Layer: 8
  m_Name: cocktail_glaze
  m_TagString: Untagged
  m_Icon: {fileID: 0}
  m_NavMeshLayer: 0
  m_StaticEditorFlags: 0
  m_IsActive: 0
--- !u!4 &6462315761501835605
Transform:
  m_ObjectHideFlags: 0
  m_CorrespondingSourceObject: {fileID: 0}
  m_PrefabInstance: {fileID: 0}
  m_PrefabAsset: {fileID: 0}
  m_GameObject: {fileID: 6462315761501835604}
  m_LocalRotation: {x: 0.07649947, y: 0.07675898, z: -0.14189993, w: 0.9839311}
  m_LocalPosition: {x: 0.296, y: 1.4869995, z: 0.21}
  m_LocalScale: {x: 0.1, y: 0.10000002, z: 0.1}
  m_Children:
  - {fileID: 6462315762148692984}
  m_Father: {fileID: 2499891581264274049}
  m_RootOrder: 4
  m_LocalEulerAnglesHint: {x: 9.923, y: 7.545001, z: -15.757}
--- !u!114 &6462315761501835594
MonoBehaviour:
  m_ObjectHideFlags: 0
  m_CorrespondingSourceObject: {fileID: 0}
  m_PrefabInstance: {fileID: 0}
  m_PrefabAsset: {fileID: 0}
  m_GameObject: {fileID: 6462315761501835604}
  m_Enabled: 1
  m_EditorHideFlags: 0
  m_Script: {fileID: 11500000, guid: e770def86b34f8e41a11cb9b96d526c0, type: 3}
  m_Name: 
  m_EditorClassIdentifier: 
  StartAngle: {x: 9.923, y: 7.545001, z: -15.757}
  EndAngle: {x: -13.02, y: -6.663, z: 27.407}
  TableOffset: {x: 0, y: 0.3, z: 0}
--- !u!1 &6462315761602741060
GameObject:
  m_ObjectHideFlags: 0
  m_CorrespondingSourceObject: {fileID: 0}
  m_PrefabInstance: {fileID: 0}
  m_PrefabAsset: {fileID: 0}
  serializedVersion: 6
  m_Component:
  - component: {fileID: 6462315761602741061}
  m_Layer: 8
  m_Name: cupheart_fill
  m_TagString: Untagged
  m_Icon: {fileID: 0}
  m_NavMeshLayer: 0
  m_StaticEditorFlags: 0
  m_IsActive: 1
--- !u!4 &6462315761602741061
Transform:
  m_ObjectHideFlags: 0
  m_CorrespondingSourceObject: {fileID: 0}
  m_PrefabInstance: {fileID: 0}
  m_PrefabAsset: {fileID: 0}
  m_GameObject: {fileID: 6462315761602741060}
  m_LocalRotation: {x: -0, y: -0.62580097, z: -0, w: 0.77998275}
  m_LocalPosition: {x: 0.81, y: -2.4, z: 0.38}
  m_LocalScale: {x: 499.99994, y: 500, z: 499.99994}
  m_Children:
  - {fileID: 6462315761281961723}
  - {fileID: 6462315762139010716}
  m_Father: {fileID: 6462315762060935797}
  m_RootOrder: 0
  m_LocalEulerAnglesHint: {x: 0, y: -77.482, z: 0}
--- !u!1 &6462315761743478026
GameObject:
  m_ObjectHideFlags: 0
  m_CorrespondingSourceObject: {fileID: 0}
  m_PrefabInstance: {fileID: 0}
  m_PrefabAsset: {fileID: 0}
  serializedVersion: 6
  m_Component:
  - component: {fileID: 6462315761743478027}
  - component: {fileID: 6462315761743478024}
  m_Layer: 8
  m_Name: condiment_glaze
  m_TagString: Untagged
  m_Icon: {fileID: 0}
  m_NavMeshLayer: 0
  m_StaticEditorFlags: 0
  m_IsActive: 0
--- !u!4 &6462315761743478027
Transform:
  m_ObjectHideFlags: 0
  m_CorrespondingSourceObject: {fileID: 0}
  m_PrefabInstance: {fileID: 0}
  m_PrefabAsset: {fileID: 0}
  m_GameObject: {fileID: 6462315761743478026}
  m_LocalRotation: {x: 0.80304563, y: 0.23272443, z: 0.5485878, w: -0.0029250667}
  m_LocalPosition: {x: 0.45, y: 1.796, z: 0.312}
  m_LocalScale: {x: 0.10000004, y: 0.10000004, z: 0.100000024}
  m_Children:
  - {fileID: 8578189716471972604}
  m_Father: {fileID: 2499891581264274049}
  m_RootOrder: 2
  m_LocalEulerAnglesHint: {x: 195.072, y: -65.652985, z: -22.566986}
--- !u!114 &6462315761743478024
MonoBehaviour:
  m_ObjectHideFlags: 0
  m_CorrespondingSourceObject: {fileID: 0}
  m_PrefabInstance: {fileID: 0}
  m_PrefabAsset: {fileID: 0}
  m_GameObject: {fileID: 6462315761743478026}
  m_Enabled: 1
  m_EditorHideFlags: 0
  m_Script: {fileID: 11500000, guid: e770def86b34f8e41a11cb9b96d526c0, type: 3}
  m_Name: 
  m_EditorClassIdentifier: 
  StartAngle: {x: 111.062, y: -10.37201, z: -4.175995}
  EndAngle: {x: 195.072, y: -65.65298, z: -22.56699}
  TableOffset: {x: 0, y: 0.6, z: 0}
--- !u!1 &6462315761882551637
GameObject:
  m_ObjectHideFlags: 0
  m_CorrespondingSourceObject: {fileID: 0}
  m_PrefabInstance: {fileID: 0}
  m_PrefabAsset: {fileID: 0}
  serializedVersion: 6
  m_Component:
  - component: {fileID: 6462315761882551626}
  - component: {fileID: 6462315761882551624}
  - component: {fileID: 6462315761882551627}
  - component: {fileID: 6462315761882551625}
  m_Layer: 8
  m_Name: fill
  m_TagString: Untagged
  m_Icon: {fileID: 0}
  m_NavMeshLayer: 0
  m_StaticEditorFlags: 0
  m_IsActive: 1
--- !u!4 &6462315761882551626
Transform:
  m_ObjectHideFlags: 0
  m_CorrespondingSourceObject: {fileID: 0}
  m_PrefabInstance: {fileID: 0}
  m_PrefabAsset: {fileID: 0}
  m_GameObject: {fileID: 6462315761882551637}
  m_LocalRotation: {x: 0, y: -0, z: -0, w: 1}
  m_LocalPosition: {x: -0, y: 0, z: 0}
  m_LocalScale: {x: 1, y: 1, z: 1}
  m_Children: []
  m_Father: {fileID: 6462315761281961723}
  m_RootOrder: 1
  m_LocalEulerAnglesHint: {x: 0, y: 0, z: 0}
--- !u!33 &6462315761882551624
MeshFilter:
  m_ObjectHideFlags: 0
  m_CorrespondingSourceObject: {fileID: 0}
  m_PrefabInstance: {fileID: 0}
  m_PrefabAsset: {fileID: 0}
  m_GameObject: {fileID: 6462315761882551637}
  m_Mesh: {fileID: 4300002, guid: 4a13f86b4c40e8344a078100f39c7d75, type: 3}
--- !u!23 &6462315761882551627
MeshRenderer:
  m_ObjectHideFlags: 0
  m_CorrespondingSourceObject: {fileID: 0}
  m_PrefabInstance: {fileID: 0}
  m_PrefabAsset: {fileID: 0}
  m_GameObject: {fileID: 6462315761882551637}
  m_Enabled: 1
  m_CastShadows: 1
  m_ReceiveShadows: 1
  m_DynamicOccludee: 1
  m_MotionVectors: 1
  m_LightProbeUsage: 1
  m_ReflectionProbeUsage: 1
  m_RayTracingMode: 2
  m_RayTraceProcedural: 0
  m_RenderingLayerMask: 1
  m_RendererPriority: 0
  m_Materials:
  - {fileID: 2100000, guid: 0314a54a3f56c604ebfb06df668dfa18, type: 2}
  m_StaticBatchInfo:
    firstSubMesh: 0
    subMeshCount: 0
  m_StaticBatchRoot: {fileID: 0}
  m_ProbeAnchor: {fileID: 0}
  m_LightProbeVolumeOverride: {fileID: 0}
  m_ScaleInLightmap: 1
  m_ReceiveGI: 1
  m_PreserveUVs: 0
  m_IgnoreNormalsForChartDetection: 0
  m_ImportantGI: 0
  m_StitchLightmapSeams: 0
  m_SelectedEditorRenderState: 3
  m_MinimumChartSize: 4
  m_AutoUVMaxDistance: 0.5
  m_AutoUVMaxAngle: 89
  m_LightmapParameters: {fileID: 0}
  m_SortingLayerID: 0
  m_SortingLayer: 0
  m_SortingOrder: 0
  m_AdditionalVertexStreams: {fileID: 0}
--- !u!114 &6462315761882551625
MonoBehaviour:
  m_ObjectHideFlags: 0
  m_CorrespondingSourceObject: {fileID: 0}
  m_PrefabInstance: {fileID: 0}
  m_PrefabAsset: {fileID: 0}
  m_GameObject: {fileID: 6462315761882551637}
  m_Enabled: 1
  m_EditorHideFlags: 0
  m_Script: {fileID: 11500000, guid: 40758bf246aff0e4bb78fe22dad545d5, type: 3}
  m_Name: 
  m_EditorClassIdentifier: 
  MaxWobble: 0.03
  WobbleSpeed: 1
  Recovery: 1
--- !u!1 &6462315761941628870
GameObject:
  m_ObjectHideFlags: 0
  m_CorrespondingSourceObject: {fileID: 0}
  m_PrefabInstance: {fileID: 0}
  m_PrefabAsset: {fileID: 0}
  serializedVersion: 6
  m_Component:
  - component: {fileID: 6462315761941628871}
  - component: {fileID: 6462315761941628868}
  m_Layer: 8
  m_Name: whale_glaze
  m_TagString: Untagged
  m_Icon: {fileID: 0}
  m_NavMeshLayer: 0
  m_StaticEditorFlags: 0
  m_IsActive: 0
--- !u!4 &6462315761941628871
Transform:
  m_ObjectHideFlags: 0
  m_CorrespondingSourceObject: {fileID: 0}
  m_PrefabInstance: {fileID: 0}
  m_PrefabAsset: {fileID: 0}
  m_GameObject: {fileID: 6462315761941628870}
  m_LocalRotation: {x: 0.21109502, y: 0.4428701, z: -0.07000734, w: 0.8685643}
  m_LocalPosition: {x: 0.20851842, y: 1.6062555, z: 0.22626036}
  m_LocalScale: {x: 0.10000001, y: 0.1, z: 0.10000001}
  m_Children:
  - {fileID: 555771309801409950}
  m_Father: {fileID: 2499891581264274049}
  m_RootOrder: 5
  m_LocalEulerAnglesHint: {x: 25.386002, y: 54.968002, z: 4.149}
--- !u!114 &6462315761941628868
MonoBehaviour:
  m_ObjectHideFlags: 0
  m_CorrespondingSourceObject: {fileID: 0}
  m_PrefabInstance: {fileID: 0}
  m_PrefabAsset: {fileID: 0}
  m_GameObject: {fileID: 6462315761941628870}
  m_Enabled: 1
  m_EditorHideFlags: 0
  m_Script: {fileID: 11500000, guid: e770def86b34f8e41a11cb9b96d526c0, type: 3}
  m_Name: 
  m_EditorClassIdentifier: 
  StartAngle: {x: 25.386, y: 54.968, z: 4.149}
  EndAngle: {x: -5.816, y: 45.364, z: 0}
  TableOffset: {x: 0, y: 0, z: 0}
--- !u!1 &6462315762060935796
GameObject:
  m_ObjectHideFlags: 0
  m_CorrespondingSourceObject: {fileID: 0}
  m_PrefabInstance: {fileID: 0}
  m_PrefabAsset: {fileID: 0}
  serializedVersion: 6
  m_Component:
  - component: {fileID: 6462315762060935797}
  - component: {fileID: 6462315762060935786}
  m_Layer: 8
  m_Name: cupheart_glaze
  m_TagString: Untagged
  m_Icon: {fileID: 0}
  m_NavMeshLayer: 0
  m_StaticEditorFlags: 0
  m_IsActive: 1
--- !u!4 &6462315762060935797
Transform:
  m_ObjectHideFlags: 0
  m_CorrespondingSourceObject: {fileID: 0}
  m_PrefabInstance: {fileID: 0}
  m_PrefabAsset: {fileID: 0}
  m_GameObject: {fileID: 6462315762060935796}
  m_LocalRotation: {x: -0.091167755, y: -0.28879786, z: 0.0096140895, w: -0.952991}
  m_LocalPosition: {x: 0.301, y: 1.3430004, z: 0.361}
  m_LocalScale: {x: 0.1, y: 0.1, z: 0.10000002}
  m_Children:
  - {fileID: 6462315761602741061}
  m_Father: {fileID: 2499891581264274049}
  m_RootOrder: 0
  m_LocalEulerAnglesHint: {x: 10.33, y: 33.899002, z: 2}
--- !u!114 &6462315762060935786
MonoBehaviour:
  m_ObjectHideFlags: 0
  m_CorrespondingSourceObject: {fileID: 0}
  m_PrefabInstance: {fileID: 0}
  m_PrefabAsset: {fileID: 0}
  m_GameObject: {fileID: 6462315762060935796}
  m_Enabled: 1
  m_EditorHideFlags: 0
  m_Script: {fileID: 11500000, guid: e770def86b34f8e41a11cb9b96d526c0, type: 3}
  m_Name: 
  m_EditorClassIdentifier: 
  StartAngle: {x: 10.33, y: 33.899, z: 2}
  EndAngle: {x: -11.894, y: 26.547, z: 13.875}
  TableOffset: {x: 0, y: 0, z: 0}
--- !u!1 &6462315762080086188
GameObject:
  m_ObjectHideFlags: 0
  m_CorrespondingSourceObject: {fileID: 0}
  m_PrefabInstance: {fileID: 0}
  m_PrefabAsset: {fileID: 0}
  serializedVersion: 6
  m_Component:
  - component: {fileID: 6462315762080086189}
  - component: {fileID: 6462315762080086178}
  m_Layer: 8
  m_Name: milk_glaze
  m_TagString: Untagged
  m_Icon: {fileID: 0}
  m_NavMeshLayer: 0
  m_StaticEditorFlags: 0
  m_IsActive: 0
--- !u!4 &6462315762080086189
Transform:
  m_ObjectHideFlags: 0
  m_CorrespondingSourceObject: {fileID: 0}
  m_PrefabInstance: {fileID: 0}
  m_PrefabAsset: {fileID: 0}
  m_GameObject: {fileID: 6462315762080086188}
  m_LocalRotation: {x: 0.020122193, y: -0.021640796, z: 0.18753757, w: 0.9818129}
  m_LocalPosition: {x: 0.1685518, y: 1.4767644, z: 0.33352572}
  m_LocalScale: {x: 0.10000002, y: 0.1, z: 0.10000001}
  m_Children:
  - {fileID: 3174695378794189486}
  m_Father: {fileID: 2499891581264274049}
  m_RootOrder: 3
  m_LocalEulerAnglesHint: {x: 2.73, y: -2.005, z: 21.58}
--- !u!114 &6462315762080086178
MonoBehaviour:
  m_ObjectHideFlags: 0
  m_CorrespondingSourceObject: {fileID: 0}
  m_PrefabInstance: {fileID: 0}
  m_PrefabAsset: {fileID: 0}
  m_GameObject: {fileID: 6462315762080086188}
  m_Enabled: 1
  m_EditorHideFlags: 0
  m_Script: {fileID: 11500000, guid: e770def86b34f8e41a11cb9b96d526c0, type: 3}
  m_Name: 
  m_EditorClassIdentifier: 
  StartAngle: {x: 2.73, y: -2.005, z: 21.58}
  EndAngle: {x: -33.867, y: -47.615, z: 83.354}
  TableOffset: {x: 0, y: 0, z: 0}
--- !u!1 &6462315762139010719
GameObject:
  m_ObjectHideFlags: 0
  m_CorrespondingSourceObject: {fileID: 0}
  m_PrefabInstance: {fileID: 0}
  m_PrefabAsset: {fileID: 0}
  serializedVersion: 6
  m_Component:
  - component: {fileID: 6462315762139010716}
  - component: {fileID: 6462315762139010706}
  - component: {fileID: 6462315762139010717}
  m_Layer: 8
  m_Name: pTorus1
  m_TagString: Untagged
  m_Icon: {fileID: 0}
  m_NavMeshLayer: 0
  m_StaticEditorFlags: 0
  m_IsActive: 1
--- !u!4 &6462315762139010716
Transform:
  m_ObjectHideFlags: 0
  m_CorrespondingSourceObject: {fileID: 0}
  m_PrefabInstance: {fileID: 0}
  m_PrefabAsset: {fileID: 0}
  m_GameObject: {fileID: 6462315762139010719}
  m_LocalRotation: {x: 0.7071068, y: -0, z: -0, w: 0.7071068}
  m_LocalPosition: {x: 0.0031951233, y: 0.0065529672, z: 0}
  m_LocalScale: {x: 0.5783915, y: 1.7292371, z: 0.5783915}
  m_Children: []
  m_Father: {fileID: 6462315761602741061}
  m_RootOrder: 1
  m_LocalEulerAnglesHint: {x: 0, y: 0, z: 0}
--- !u!33 &6462315762139010706
MeshFilter:
  m_ObjectHideFlags: 0
  m_CorrespondingSourceObject: {fileID: 0}
  m_PrefabInstance: {fileID: 0}
  m_PrefabAsset: {fileID: 0}
  m_GameObject: {fileID: 6462315762139010719}
  m_Mesh: {fileID: 4300004, guid: 4a13f86b4c40e8344a078100f39c7d75, type: 3}
--- !u!23 &6462315762139010717
MeshRenderer:
  m_ObjectHideFlags: 0
  m_CorrespondingSourceObject: {fileID: 0}
  m_PrefabInstance: {fileID: 0}
  m_PrefabAsset: {fileID: 0}
  m_GameObject: {fileID: 6462315762139010719}
  m_Enabled: 1
  m_CastShadows: 1
  m_ReceiveShadows: 1
  m_DynamicOccludee: 1
  m_MotionVectors: 1
  m_LightProbeUsage: 1
  m_ReflectionProbeUsage: 1
  m_RayTracingMode: 2
  m_RayTraceProcedural: 0
  m_RenderingLayerMask: 1
  m_RendererPriority: 0
  m_Materials:
  - {fileID: 2100000, guid: 18ed21c308cac3746ac147353926c858, type: 2}
  m_StaticBatchInfo:
    firstSubMesh: 0
    subMeshCount: 0
  m_StaticBatchRoot: {fileID: 0}
  m_ProbeAnchor: {fileID: 0}
  m_LightProbeVolumeOverride: {fileID: 0}
  m_ScaleInLightmap: 1
  m_ReceiveGI: 1
  m_PreserveUVs: 0
  m_IgnoreNormalsForChartDetection: 0
  m_ImportantGI: 0
  m_StitchLightmapSeams: 0
  m_SelectedEditorRenderState: 3
  m_MinimumChartSize: 4
  m_AutoUVMaxDistance: 0.5
  m_AutoUVMaxAngle: 89
  m_LightmapParameters: {fileID: 0}
  m_SortingLayerID: 0
  m_SortingLayer: 0
  m_SortingOrder: 0
  m_AdditionalVertexStreams: {fileID: 0}
--- !u!1 &6462315762148200400
GameObject:
  m_ObjectHideFlags: 0
  m_CorrespondingSourceObject: {fileID: 0}
  m_PrefabInstance: {fileID: 0}
  m_PrefabAsset: {fileID: 0}
  serializedVersion: 6
  m_Component:
  - component: {fileID: 6462315762148692976}
  - component: {fileID: 6462315762151560158}
  - component: {fileID: 6462315762150461726}
  - component: {fileID: 6462315762148297087}
  m_Layer: 8
  m_Name: fill
  m_TagString: Untagged
  m_Icon: {fileID: 0}
  m_NavMeshLayer: 0
  m_StaticEditorFlags: 0
  m_IsActive: 1
--- !u!4 &6462315762148692976
Transform:
  m_ObjectHideFlags: 0
  m_CorrespondingSourceObject: {fileID: 0}
  m_PrefabInstance: {fileID: 0}
  m_PrefabAsset: {fileID: 0}
  m_GameObject: {fileID: 6462315762148200400}
  m_LocalRotation: {x: 0, y: -0, z: -0, w: 1}
  m_LocalPosition: {x: 0.40010947, y: -0.28571925, z: 0}
  m_LocalScale: {x: 1, y: 1, z: 1}
  m_Children: []
  m_Father: {fileID: 6462315762148692980}
  m_RootOrder: 1
  m_LocalEulerAnglesHint: {x: 0, y: 0, z: 0}
--- !u!33 &6462315762151560158
MeshFilter:
  m_ObjectHideFlags: 0
  m_CorrespondingSourceObject: {fileID: 0}
  m_PrefabInstance: {fileID: 0}
  m_PrefabAsset: {fileID: 0}
  m_GameObject: {fileID: 6462315762148200400}
  m_Mesh: {fileID: 4300002, guid: 72acca4e206e35f419eedba047d798ee, type: 3}
--- !u!23 &6462315762150461726
MeshRenderer:
  m_ObjectHideFlags: 0
  m_CorrespondingSourceObject: {fileID: 0}
  m_PrefabInstance: {fileID: 0}
  m_PrefabAsset: {fileID: 0}
  m_GameObject: {fileID: 6462315762148200400}
  m_Enabled: 1
  m_CastShadows: 1
  m_ReceiveShadows: 1
  m_DynamicOccludee: 1
  m_MotionVectors: 1
  m_LightProbeUsage: 1
  m_ReflectionProbeUsage: 1
  m_RayTracingMode: 2
  m_RayTraceProcedural: 0
  m_RenderingLayerMask: 1
  m_RendererPriority: 0
  m_Materials:
  - {fileID: 2100000, guid: 27d21c6f559238d4591eb78117585107, type: 2}
  m_StaticBatchInfo:
    firstSubMesh: 0
    subMeshCount: 0
  m_StaticBatchRoot: {fileID: 0}
  m_ProbeAnchor: {fileID: 0}
  m_LightProbeVolumeOverride: {fileID: 0}
  m_ScaleInLightmap: 1
  m_ReceiveGI: 1
  m_PreserveUVs: 0
  m_IgnoreNormalsForChartDetection: 0
  m_ImportantGI: 0
  m_StitchLightmapSeams: 0
  m_SelectedEditorRenderState: 3
  m_MinimumChartSize: 4
  m_AutoUVMaxDistance: 0.5
  m_AutoUVMaxAngle: 89
  m_LightmapParameters: {fileID: 0}
  m_SortingLayerID: 0
  m_SortingLayer: 0
  m_SortingOrder: 0
  m_AdditionalVertexStreams: {fileID: 0}
--- !u!114 &6462315762148297087
MonoBehaviour:
  m_ObjectHideFlags: 0
  m_CorrespondingSourceObject: {fileID: 0}
  m_PrefabInstance: {fileID: 0}
  m_PrefabAsset: {fileID: 0}
  m_GameObject: {fileID: 6462315762148200400}
  m_Enabled: 1
  m_EditorHideFlags: 0
  m_Script: {fileID: 11500000, guid: 40758bf246aff0e4bb78fe22dad545d5, type: 3}
  m_Name: 
  m_EditorClassIdentifier: 
  MaxWobble: 0.03
  WobbleSpeed: 1
  Recovery: 1
--- !u!1 &6462315762148200402
GameObject:
  m_ObjectHideFlags: 0
  m_CorrespondingSourceObject: {fileID: 0}
  m_PrefabInstance: {fileID: 0}
  m_PrefabAsset: {fileID: 0}
  serializedVersion: 6
  m_Component:
  - component: {fileID: 6462315762148692978}
  - component: {fileID: 6462315762151560144}
  - component: {fileID: 6462315762150461712}
  m_Layer: 8
  m_Name: pSphere1
  m_TagString: Untagged
  m_Icon: {fileID: 0}
  m_NavMeshLayer: 0
  m_StaticEditorFlags: 0
  m_IsActive: 1
--- !u!4 &6462315762148692978
Transform:
  m_ObjectHideFlags: 0
  m_CorrespondingSourceObject: {fileID: 0}
  m_PrefabInstance: {fileID: 0}
  m_PrefabAsset: {fileID: 0}
  m_GameObject: {fileID: 6462315762148200402}
  m_LocalRotation: {x: -0.17204985, y: 0.042280756, z: 0.23487136, w: 0.955744}
  m_LocalPosition: {x: -0.0010969329, y: 0.021750659, z: -0.071251534}
  m_LocalScale: {x: 0.466111, y: 0.34232274, z: 0.466111}
  m_Children: []
  m_Father: {fileID: 6462315762148692984}
  m_RootOrder: 2
  m_LocalEulerAnglesHint: {x: 0, y: 0, z: 0}
--- !u!33 &6462315762151560144
MeshFilter:
  m_ObjectHideFlags: 0
  m_CorrespondingSourceObject: {fileID: 0}
  m_PrefabInstance: {fileID: 0}
  m_PrefabAsset: {fileID: 0}
  m_GameObject: {fileID: 6462315762148200402}
  m_Mesh: {fileID: 4300006, guid: 72acca4e206e35f419eedba047d798ee, type: 3}
--- !u!23 &6462315762150461712
MeshRenderer:
  m_ObjectHideFlags: 0
  m_CorrespondingSourceObject: {fileID: 0}
  m_PrefabInstance: {fileID: 0}
  m_PrefabAsset: {fileID: 0}
  m_GameObject: {fileID: 6462315762148200402}
  m_Enabled: 1
  m_CastShadows: 1
  m_ReceiveShadows: 1
  m_DynamicOccludee: 1
  m_MotionVectors: 1
  m_LightProbeUsage: 1
  m_ReflectionProbeUsage: 1
  m_RayTracingMode: 2
  m_RayTraceProcedural: 0
  m_RenderingLayerMask: 1
  m_RendererPriority: 0
  m_Materials:
  - {fileID: 2100006, guid: 72acca4e206e35f419eedba047d798ee, type: 3}
  m_StaticBatchInfo:
    firstSubMesh: 0
    subMeshCount: 0
  m_StaticBatchRoot: {fileID: 0}
  m_ProbeAnchor: {fileID: 0}
  m_LightProbeVolumeOverride: {fileID: 0}
  m_ScaleInLightmap: 1
  m_ReceiveGI: 1
  m_PreserveUVs: 0
  m_IgnoreNormalsForChartDetection: 0
  m_ImportantGI: 0
  m_StitchLightmapSeams: 0
  m_SelectedEditorRenderState: 3
  m_MinimumChartSize: 4
  m_AutoUVMaxDistance: 0.5
  m_AutoUVMaxAngle: 89
  m_LightmapParameters: {fileID: 0}
  m_SortingLayerID: 0
  m_SortingLayer: 0
  m_SortingOrder: 0
  m_AdditionalVertexStreams: {fileID: 0}
--- !u!1 &6462315762148200404
GameObject:
  m_ObjectHideFlags: 0
  m_CorrespondingSourceObject: {fileID: 0}
  m_PrefabInstance: {fileID: 0}
  m_PrefabAsset: {fileID: 0}
  serializedVersion: 6
  m_Component:
  - component: {fileID: 6462315762148692980}
  m_Layer: 8
  m_Name: WineGlasses:WineGlass_03
  m_TagString: Untagged
  m_Icon: {fileID: 0}
  m_NavMeshLayer: 0
  m_StaticEditorFlags: 0
  m_IsActive: 1
--- !u!4 &6462315762148692980
Transform:
  m_ObjectHideFlags: 0
  m_CorrespondingSourceObject: {fileID: 0}
  m_PrefabInstance: {fileID: 0}
  m_PrefabAsset: {fileID: 0}
  m_GameObject: {fileID: 6462315762148200404}
  m_LocalRotation: {x: 0, y: -0, z: -0, w: 1}
  m_LocalPosition: {x: 0.0003706479, y: 0.008808794, z: -0.06741216}
  m_LocalScale: {x: 0.030830244, y: 0.030830244, z: 0.030830244}
  m_Children:
  - {fileID: 6462315762148692990}
  - {fileID: 6462315762148692976}
  m_Father: {fileID: 6462315762148692984}
  m_RootOrder: 3
  m_LocalEulerAnglesHint: {x: 0, y: 0, z: 0}
--- !u!1 &6462315762148200408
GameObject:
  m_ObjectHideFlags: 0
  m_CorrespondingSourceObject: {fileID: 0}
  m_PrefabInstance: {fileID: 0}
  m_PrefabAsset: {fileID: 0}
  serializedVersion: 6
  m_Component:
  - component: {fileID: 6462315762148692984}
  m_Layer: 8
  m_Name: cocktail_fill
  m_TagString: Untagged
  m_Icon: {fileID: 0}
  m_NavMeshLayer: 0
  m_StaticEditorFlags: 0
  m_IsActive: 1
--- !u!4 &6462315762148692984
Transform:
  m_ObjectHideFlags: 0
  m_CorrespondingSourceObject: {fileID: 0}
  m_PrefabInstance: {fileID: 0}
  m_PrefabAsset: {fileID: 0}
  m_GameObject: {fileID: 6462315762148200408}
  m_LocalRotation: {x: 0.18395473, y: -0.95025903, z: 0.120456755, w: 0.22058699}
  m_LocalPosition: {x: -10.47, y: -15.84, z: -28.65}
  m_LocalScale: {x: 500.00204, y: 500.00003, z: 500.0017}
  m_Children:
  - {fileID: 6462315762148692986}
  - {fileID: 6462315762148692988}
  - {fileID: 6462315762148692978}
  - {fileID: 6462315762148692980}
  m_Father: {fileID: 6462315761501835605}
  m_RootOrder: 0
  m_LocalEulerAnglesHint: {x: 18.064001, y: 203.22499, z: -18.17}
--- !u!1 &6462315762148200410
GameObject:
  m_ObjectHideFlags: 0
  m_CorrespondingSourceObject: {fileID: 0}
  m_PrefabInstance: {fileID: 0}
  m_PrefabAsset: {fileID: 0}
  serializedVersion: 6
  m_Component:
  - component: {fileID: 6462315762148692986}
  - component: {fileID: 6462315762151560152}
  - component: {fileID: 6462315762150461720}
  m_Layer: 8
  m_Name: pCylinder3
  m_TagString: Untagged
  m_Icon: {fileID: 0}
  m_NavMeshLayer: 0
  m_StaticEditorFlags: 0
  m_IsActive: 1
--- !u!4 &6462315762148692986
Transform:
  m_ObjectHideFlags: 0
  m_CorrespondingSourceObject: {fileID: 0}
  m_PrefabInstance: {fileID: 0}
  m_PrefabAsset: {fileID: 0}
  m_GameObject: {fileID: 6462315762148200410}
  m_LocalRotation: {x: -0.23116466, y: 0.23116466, z: -0.6682536, w: 0.6682536}
  m_LocalPosition: {x: 0.003765245, y: 0.017257294, z: -0.06710221}
  m_LocalScale: {x: 0.24120319, y: 0.027833862, z: 0.24120319}
  m_Children: []
  m_Father: {fileID: 6462315762148692984}
  m_RootOrder: 0
  m_LocalEulerAnglesHint: {x: 0, y: 0, z: 0}
--- !u!33 &6462315762151560152
MeshFilter:
  m_ObjectHideFlags: 0
  m_CorrespondingSourceObject: {fileID: 0}
  m_PrefabInstance: {fileID: 0}
  m_PrefabAsset: {fileID: 0}
  m_GameObject: {fileID: 6462315762148200410}
  m_Mesh: {fileID: 4300004, guid: 72acca4e206e35f419eedba047d798ee, type: 3}
--- !u!23 &6462315762150461720
MeshRenderer:
  m_ObjectHideFlags: 0
  m_CorrespondingSourceObject: {fileID: 0}
  m_PrefabInstance: {fileID: 0}
  m_PrefabAsset: {fileID: 0}
  m_GameObject: {fileID: 6462315762148200410}
  m_Enabled: 1
  m_CastShadows: 1
  m_ReceiveShadows: 1
  m_DynamicOccludee: 1
  m_MotionVectors: 1
  m_LightProbeUsage: 1
  m_ReflectionProbeUsage: 1
  m_RayTracingMode: 2
  m_RayTraceProcedural: 0
  m_RenderingLayerMask: 1
  m_RendererPriority: 0
  m_Materials:
  - {fileID: 2100004, guid: 72acca4e206e35f419eedba047d798ee, type: 3}
  m_StaticBatchInfo:
    firstSubMesh: 0
    subMeshCount: 0
  m_StaticBatchRoot: {fileID: 0}
  m_ProbeAnchor: {fileID: 0}
  m_LightProbeVolumeOverride: {fileID: 0}
  m_ScaleInLightmap: 1
  m_ReceiveGI: 1
  m_PreserveUVs: 0
  m_IgnoreNormalsForChartDetection: 0
  m_ImportantGI: 0
  m_StitchLightmapSeams: 0
  m_SelectedEditorRenderState: 3
  m_MinimumChartSize: 4
  m_AutoUVMaxDistance: 0.5
  m_AutoUVMaxAngle: 89
  m_LightmapParameters: {fileID: 0}
  m_SortingLayerID: 0
  m_SortingLayer: 0
  m_SortingOrder: 0
  m_AdditionalVertexStreams: {fileID: 0}
--- !u!1 &6462315762148200412
GameObject:
  m_ObjectHideFlags: 0
  m_CorrespondingSourceObject: {fileID: 0}
  m_PrefabInstance: {fileID: 0}
  m_PrefabAsset: {fileID: 0}
  serializedVersion: 6
  m_Component:
  - component: {fileID: 6462315762148692988}
  - component: {fileID: 6462315762151560154}
  - component: {fileID: 6462315762150461722}
  m_Layer: 8
  m_Name: pCylinder4
  m_TagString: Untagged
  m_Icon: {fileID: 0}
  m_NavMeshLayer: 0
  m_StaticEditorFlags: 0
  m_IsActive: 1
--- !u!4 &6462315762148692988
Transform:
  m_ObjectHideFlags: 0
  m_CorrespondingSourceObject: {fileID: 0}
  m_PrefabInstance: {fileID: 0}
  m_PrefabAsset: {fileID: 0}
  m_GameObject: {fileID: 6462315762148200412}
  m_LocalRotation: {x: -0.14252475, y: -0.02428699, z: 0.16621895, w: 0.9754323}
  m_LocalPosition: {x: 0.0007830598, y: 0.017195497, z: -0.06974809}
  m_LocalScale: {x: 0.031263, y: 0.5683196, z: 0.031263}
  m_Children: []
  m_Father: {fileID: 6462315762148692984}
  m_RootOrder: 1
  m_LocalEulerAnglesHint: {x: 0, y: 0, z: 0}
--- !u!33 &6462315762151560154
MeshFilter:
  m_ObjectHideFlags: 0
  m_CorrespondingSourceObject: {fileID: 0}
  m_PrefabInstance: {fileID: 0}
  m_PrefabAsset: {fileID: 0}
  m_GameObject: {fileID: 6462315762148200412}
  m_Mesh: {fileID: 4300008, guid: 72acca4e206e35f419eedba047d798ee, type: 3}
--- !u!23 &6462315762150461722
MeshRenderer:
  m_ObjectHideFlags: 0
  m_CorrespondingSourceObject: {fileID: 0}
  m_PrefabInstance: {fileID: 0}
  m_PrefabAsset: {fileID: 0}
  m_GameObject: {fileID: 6462315762148200412}
  m_Enabled: 1
  m_CastShadows: 1
  m_ReceiveShadows: 1
  m_DynamicOccludee: 1
  m_MotionVectors: 1
  m_LightProbeUsage: 1
  m_ReflectionProbeUsage: 1
  m_RayTracingMode: 2
  m_RayTraceProcedural: 0
  m_RenderingLayerMask: 1
  m_RendererPriority: 0
  m_Materials:
  - {fileID: 2100008, guid: 72acca4e206e35f419eedba047d798ee, type: 3}
  m_StaticBatchInfo:
    firstSubMesh: 0
    subMeshCount: 0
  m_StaticBatchRoot: {fileID: 0}
  m_ProbeAnchor: {fileID: 0}
  m_LightProbeVolumeOverride: {fileID: 0}
  m_ScaleInLightmap: 1
  m_ReceiveGI: 1
  m_PreserveUVs: 0
  m_IgnoreNormalsForChartDetection: 0
  m_ImportantGI: 0
  m_StitchLightmapSeams: 0
  m_SelectedEditorRenderState: 3
  m_MinimumChartSize: 4
  m_AutoUVMaxDistance: 0.5
  m_AutoUVMaxAngle: 89
  m_LightmapParameters: {fileID: 0}
  m_SortingLayerID: 0
  m_SortingLayer: 0
  m_SortingOrder: 0
  m_AdditionalVertexStreams: {fileID: 0}
--- !u!1 &6462315762148200414
GameObject:
  m_ObjectHideFlags: 0
  m_CorrespondingSourceObject: {fileID: 0}
  m_PrefabInstance: {fileID: 0}
  m_PrefabAsset: {fileID: 0}
  serializedVersion: 6
  m_Component:
  - component: {fileID: 6462315762148692990}
  - component: {fileID: 6462315762151560156}
  - component: {fileID: 6462315762150461724}
  m_Layer: 8
  m_Name: polySurface400
  m_TagString: Untagged
  m_Icon: {fileID: 0}
  m_NavMeshLayer: 0
  m_StaticEditorFlags: 0
  m_IsActive: 1
--- !u!4 &6462315762148692990
Transform:
  m_ObjectHideFlags: 0
  m_CorrespondingSourceObject: {fileID: 0}
  m_PrefabInstance: {fileID: 0}
  m_PrefabAsset: {fileID: 0}
  m_GameObject: {fileID: 6462315762148200414}
  m_LocalRotation: {x: 0, y: -0, z: -0, w: 1}
  m_LocalPosition: {x: 0.40010947, y: -0.28571925, z: 0}
  m_LocalScale: {x: 1, y: 1, z: 1}
  m_Children: []
  m_Father: {fileID: 6462315762148692980}
  m_RootOrder: 0
  m_LocalEulerAnglesHint: {x: 0, y: 0, z: 0}
--- !u!33 &6462315762151560156
MeshFilter:
  m_ObjectHideFlags: 0
  m_CorrespondingSourceObject: {fileID: 0}
  m_PrefabInstance: {fileID: 0}
  m_PrefabAsset: {fileID: 0}
  m_GameObject: {fileID: 6462315762148200414}
  m_Mesh: {fileID: 4300000, guid: 72acca4e206e35f419eedba047d798ee, type: 3}
--- !u!23 &6462315762150461724
MeshRenderer:
  m_ObjectHideFlags: 0
  m_CorrespondingSourceObject: {fileID: 0}
  m_PrefabInstance: {fileID: 0}
  m_PrefabAsset: {fileID: 0}
  m_GameObject: {fileID: 6462315762148200414}
  m_Enabled: 1
  m_CastShadows: 1
  m_ReceiveShadows: 1
  m_DynamicOccludee: 1
  m_MotionVectors: 1
  m_LightProbeUsage: 1
  m_ReflectionProbeUsage: 1
  m_RayTracingMode: 2
  m_RayTraceProcedural: 0
  m_RenderingLayerMask: 1
  m_RendererPriority: 0
  m_Materials:
  - {fileID: 2100000, guid: 8019f86c5dcf0f248be35774ff580af7, type: 2}
  m_StaticBatchInfo:
    firstSubMesh: 0
    subMeshCount: 0
  m_StaticBatchRoot: {fileID: 0}
  m_ProbeAnchor: {fileID: 0}
  m_LightProbeVolumeOverride: {fileID: 0}
  m_ScaleInLightmap: 1
  m_ReceiveGI: 1
  m_PreserveUVs: 0
  m_IgnoreNormalsForChartDetection: 0
  m_ImportantGI: 0
  m_StitchLightmapSeams: 0
  m_SelectedEditorRenderState: 3
  m_MinimumChartSize: 4
  m_AutoUVMaxDistance: 0.5
  m_AutoUVMaxAngle: 89
  m_LightmapParameters: {fileID: 0}
  m_SortingLayerID: 0
  m_SortingLayer: 0
  m_SortingOrder: 0
  m_AdditionalVertexStreams: {fileID: 0}
--- !u!1 &8578189716472405724
GameObject:
  m_ObjectHideFlags: 0
  m_CorrespondingSourceObject: {fileID: 0}
  m_PrefabInstance: {fileID: 0}
  m_PrefabAsset: {fileID: 0}
  serializedVersion: 6
  m_Component:
  - component: {fileID: 8578189716471972604}
  m_Layer: 8
  m_Name: condiment_fill
  m_TagString: Untagged
  m_Icon: {fileID: 0}
  m_NavMeshLayer: 0
  m_StaticEditorFlags: 0
  m_IsActive: 1
--- !u!4 &8578189716471972604
Transform:
  m_ObjectHideFlags: 0
  m_CorrespondingSourceObject: {fileID: 0}
  m_PrefabInstance: {fileID: 0}
  m_PrefabAsset: {fileID: 0}
  m_GameObject: {fileID: 8578189716472405724}
  m_LocalRotation: {x: -0.022187116, y: -0.33825552, z: 0.73530716, w: 0.58686835}
  m_LocalPosition: {x: 0, y: 0, z: 0}
  m_LocalScale: {x: 500.00092, y: 500.0008, z: 500.00018}
  m_Children:
  - {fileID: 8578189716471972606}
  m_Father: {fileID: 6462315761743478027}
  m_RootOrder: 0
  m_LocalEulerAnglesHint: {x: 24.763, y: -31.987001, z: 89.007}
--- !u!1 &8578189716472405726
GameObject:
  m_ObjectHideFlags: 0
  m_CorrespondingSourceObject: {fileID: 0}
  m_PrefabInstance: {fileID: 0}
  m_PrefabAsset: {fileID: 0}
  serializedVersion: 6
  m_Component:
  - component: {fileID: 8578189716471972606}
  - component: {fileID: 8578189716469105372}
  - component: {fileID: 8578189716470202396}
  m_Layer: 8
  m_Name: polySurface395
  m_TagString: Untagged
  m_Icon: {fileID: 0}
  m_NavMeshLayer: 0
  m_StaticEditorFlags: 0
  m_IsActive: 1
--- !u!4 &8578189716471972606
Transform:
  m_ObjectHideFlags: 0
  m_CorrespondingSourceObject: {fileID: 0}
  m_PrefabInstance: {fileID: 0}
  m_PrefabAsset: {fileID: 0}
  m_GameObject: {fileID: 8578189716472405726}
  m_LocalRotation: {x: 0, y: -0.3852147, z: -0, w: 0.922827}
  m_LocalPosition: {x: 0, y: 0, z: 0}
  m_LocalScale: {x: 0.25274533, y: 0.25274533, z: 0.25274533}
  m_Children: []
  m_Father: {fileID: 8578189716471972604}
  m_RootOrder: 0
  m_LocalEulerAnglesHint: {x: 0, y: 0, z: 0}
--- !u!33 &8578189716469105372
MeshFilter:
  m_ObjectHideFlags: 0
  m_CorrespondingSourceObject: {fileID: 0}
  m_PrefabInstance: {fileID: 0}
  m_PrefabAsset: {fileID: 0}
  m_GameObject: {fileID: 8578189716472405726}
  m_Mesh: {fileID: 4300000, guid: bc7674382d17a294aaab98bbbb38cdde, type: 3}
--- !u!23 &8578189716470202396
MeshRenderer:
  m_ObjectHideFlags: 0
  m_CorrespondingSourceObject: {fileID: 0}
  m_PrefabInstance: {fileID: 0}
  m_PrefabAsset: {fileID: 0}
  m_GameObject: {fileID: 8578189716472405726}
  m_Enabled: 1
  m_CastShadows: 1
  m_ReceiveShadows: 1
  m_DynamicOccludee: 1
  m_MotionVectors: 1
  m_LightProbeUsage: 1
  m_ReflectionProbeUsage: 1
  m_RayTracingMode: 2
  m_RayTraceProcedural: 0
  m_RenderingLayerMask: 1
  m_RendererPriority: 0
  m_Materials:
  - {fileID: 2100000, guid: bc7674382d17a294aaab98bbbb38cdde, type: 3}
  m_StaticBatchInfo:
    firstSubMesh: 0
    subMeshCount: 0
  m_StaticBatchRoot: {fileID: 0}
  m_ProbeAnchor: {fileID: 0}
  m_LightProbeVolumeOverride: {fileID: 0}
  m_ScaleInLightmap: 1
  m_ReceiveGI: 1
  m_PreserveUVs: 0
  m_IgnoreNormalsForChartDetection: 0
  m_ImportantGI: 0
  m_StitchLightmapSeams: 0
  m_SelectedEditorRenderState: 3
  m_MinimumChartSize: 4
  m_AutoUVMaxDistance: 0.5
  m_AutoUVMaxAngle: 89
  m_LightmapParameters: {fileID: 0}
  m_SortingLayerID: 0
  m_SortingLayer: 0
  m_SortingOrder: 0
  m_AdditionalVertexStreams: {fileID: 0}
--- !u!1001 &964074528
PrefabInstance:
  m_ObjectHideFlags: 0
  serializedVersion: 2
  m_Modification:
    m_TransformParent: {fileID: 2499891580505670229}
    m_Modifications:
    - target: {fileID: 5191717614522800767, guid: 013de715f1d2e7a468a12d05a84fc037,
        type: 3}
      propertyPath: m_RootOrder
      value: 0
      objectReference: {fileID: 0}
    - target: {fileID: 5191717614522800767, guid: 013de715f1d2e7a468a12d05a84fc037,
        type: 3}
      propertyPath: m_LocalPosition.x
      value: 0.42
      objectReference: {fileID: 0}
    - target: {fileID: 5191717614522800767, guid: 013de715f1d2e7a468a12d05a84fc037,
        type: 3}
      propertyPath: m_LocalPosition.y
      value: -0.0015000002
      objectReference: {fileID: 0}
    - target: {fileID: 5191717614522800767, guid: 013de715f1d2e7a468a12d05a84fc037,
        type: 3}
      propertyPath: m_LocalPosition.z
      value: 0
      objectReference: {fileID: 0}
    - target: {fileID: 5191717614522800767, guid: 013de715f1d2e7a468a12d05a84fc037,
        type: 3}
      propertyPath: m_LocalRotation.w
      value: 0.7071068
      objectReference: {fileID: 0}
    - target: {fileID: 5191717614522800767, guid: 013de715f1d2e7a468a12d05a84fc037,
        type: 3}
      propertyPath: m_LocalRotation.x
      value: -0.7071068
      objectReference: {fileID: 0}
    - target: {fileID: 5191717614522800767, guid: 013de715f1d2e7a468a12d05a84fc037,
        type: 3}
      propertyPath: m_LocalRotation.y
      value: -0
      objectReference: {fileID: 0}
    - target: {fileID: 5191717614522800767, guid: 013de715f1d2e7a468a12d05a84fc037,
        type: 3}
      propertyPath: m_LocalRotation.z
      value: -0
      objectReference: {fileID: 0}
    - target: {fileID: 5191717614522800767, guid: 013de715f1d2e7a468a12d05a84fc037,
        type: 3}
      propertyPath: m_LocalEulerAnglesHint.x
      value: 0
      objectReference: {fileID: 0}
    - target: {fileID: 5191717614522800767, guid: 013de715f1d2e7a468a12d05a84fc037,
        type: 3}
      propertyPath: m_LocalEulerAnglesHint.y
      value: 0
      objectReference: {fileID: 0}
    - target: {fileID: 5191717614522800767, guid: 013de715f1d2e7a468a12d05a84fc037,
        type: 3}
      propertyPath: m_LocalEulerAnglesHint.z
      value: 0
      objectReference: {fileID: 0}
    - target: {fileID: 7294003354303830730, guid: 013de715f1d2e7a468a12d05a84fc037,
        type: 3}
      propertyPath: m_Name
      value: Pointer (1)
      objectReference: {fileID: 0}
    - target: {fileID: 7294003354303830730, guid: 013de715f1d2e7a468a12d05a84fc037,
        type: 3}
      propertyPath: m_IsActive
      value: 0
      objectReference: {fileID: 0}
    m_RemovedComponents: []
  m_SourcePrefab: {fileID: 100100000, guid: 013de715f1d2e7a468a12d05a84fc037, type: 3}
--- !u!4 &5191717614639089247 stripped
Transform:
  m_CorrespondingSourceObject: {fileID: 5191717614522800767, guid: 013de715f1d2e7a468a12d05a84fc037,
    type: 3}
  m_PrefabInstance: {fileID: 964074528}
  m_PrefabAsset: {fileID: 0}
--- !u!114 &1271353120 stripped
MonoBehaviour:
  m_CorrespondingSourceObject: {fileID: 1924256512, guid: 013de715f1d2e7a468a12d05a84fc037,
    type: 3}
  m_PrefabInstance: {fileID: 964074528}
  m_PrefabAsset: {fileID: 0}
  m_GameObject: {fileID: 0}
  m_Enabled: 1
  m_EditorHideFlags: 0
  m_Script: {fileID: 11500000, guid: 08cda64b1ae9ee748827e9190ce1031b, type: 3}
  m_Name: 
  m_EditorClassIdentifier: 
--- !u!1001 &434605174675200036
PrefabInstance:
  m_ObjectHideFlags: 0
  serializedVersion: 2
  m_Modification:
    m_TransformParent: {fileID: 2499891581264274049}
    m_Modifications:
    - target: {fileID: 1665532920521677667, guid: 7c6698cceba04a6418abb8d8cc6c715b,
        type: 3}
      propertyPath: m_RootOrder
      value: 8
      objectReference: {fileID: 0}
    - target: {fileID: 1665532920521677667, guid: 7c6698cceba04a6418abb8d8cc6c715b,
        type: 3}
      propertyPath: m_LocalPosition.x
      value: 0.3
      objectReference: {fileID: 0}
    - target: {fileID: 1665532920521677667, guid: 7c6698cceba04a6418abb8d8cc6c715b,
        type: 3}
      propertyPath: m_LocalPosition.y
      value: 1.3999996
      objectReference: {fileID: 0}
    - target: {fileID: 1665532920521677667, guid: 7c6698cceba04a6418abb8d8cc6c715b,
        type: 3}
      propertyPath: m_LocalPosition.z
      value: 0.4
      objectReference: {fileID: 0}
    - target: {fileID: 1665532920521677667, guid: 7c6698cceba04a6418abb8d8cc6c715b,
        type: 3}
      propertyPath: m_LocalRotation.w
      value: 1
      objectReference: {fileID: 0}
    - target: {fileID: 1665532920521677667, guid: 7c6698cceba04a6418abb8d8cc6c715b,
        type: 3}
      propertyPath: m_LocalRotation.x
      value: -0
      objectReference: {fileID: 0}
    - target: {fileID: 1665532920521677667, guid: 7c6698cceba04a6418abb8d8cc6c715b,
        type: 3}
      propertyPath: m_LocalRotation.y
      value: -0
      objectReference: {fileID: 0}
    - target: {fileID: 1665532920521677667, guid: 7c6698cceba04a6418abb8d8cc6c715b,
        type: 3}
      propertyPath: m_LocalRotation.z
      value: -0
      objectReference: {fileID: 0}
    - target: {fileID: 1665532920521677667, guid: 7c6698cceba04a6418abb8d8cc6c715b,
        type: 3}
      propertyPath: m_LocalEulerAnglesHint.x
      value: 0
      objectReference: {fileID: 0}
    - target: {fileID: 1665532920521677667, guid: 7c6698cceba04a6418abb8d8cc6c715b,
        type: 3}
      propertyPath: m_LocalEulerAnglesHint.y
      value: 0
      objectReference: {fileID: 0}
    - target: {fileID: 1665532920521677667, guid: 7c6698cceba04a6418abb8d8cc6c715b,
        type: 3}
      propertyPath: m_LocalEulerAnglesHint.z
      value: 0
      objectReference: {fileID: 0}
    - target: {fileID: 1665532920521967427, guid: 7c6698cceba04a6418abb8d8cc6c715b,
        type: 3}
      propertyPath: m_Name
      value: FX Fireworks 2 Demo
      objectReference: {fileID: 0}
    m_RemovedComponents: []
  m_SourcePrefab: {fileID: 100100000, guid: 7c6698cceba04a6418abb8d8cc6c715b, type: 3}
--- !u!4 &1230940957367993159 stripped
Transform:
  m_CorrespondingSourceObject: {fileID: 1665532920521677667, guid: 7c6698cceba04a6418abb8d8cc6c715b,
    type: 3}
  m_PrefabInstance: {fileID: 434605174675200036}
  m_PrefabAsset: {fileID: 0}
--- !u!1 &1230940957367705447 stripped
GameObject:
  m_CorrespondingSourceObject: {fileID: 1665532920521967427, guid: 7c6698cceba04a6418abb8d8cc6c715b,
    type: 3}
  m_PrefabInstance: {fileID: 434605174675200036}
  m_PrefabAsset: {fileID: 0}
--- !u!1001 &2255014419003740059
PrefabInstance:
  m_ObjectHideFlags: 0
  serializedVersion: 2
  m_Modification:
    m_TransformParent: {fileID: 2499891581264274049}
    m_Modifications:
    - target: {fileID: 3299627628796441410, guid: 79f471c2b39f28341b429827beb0b193,
        type: 3}
      propertyPath: m_RootOrder
      value: 7
      objectReference: {fileID: 0}
    - target: {fileID: 3299627628796441410, guid: 79f471c2b39f28341b429827beb0b193,
        type: 3}
      propertyPath: m_LocalPosition.x
      value: 0.20851842
      objectReference: {fileID: 0}
    - target: {fileID: 3299627628796441410, guid: 79f471c2b39f28341b429827beb0b193,
        type: 3}
      propertyPath: m_LocalPosition.y
      value: 1.6062555
      objectReference: {fileID: 0}
    - target: {fileID: 3299627628796441410, guid: 79f471c2b39f28341b429827beb0b193,
        type: 3}
      propertyPath: m_LocalPosition.z
      value: 0.22626036
      objectReference: {fileID: 0}
    - target: {fileID: 3299627628796441410, guid: 79f471c2b39f28341b429827beb0b193,
        type: 3}
      propertyPath: m_LocalRotation.w
      value: 0.8685628
      objectReference: {fileID: 0}
    - target: {fileID: 3299627628796441410, guid: 79f471c2b39f28341b429827beb0b193,
        type: 3}
      propertyPath: m_LocalRotation.x
      value: 0.2110984
      objectReference: {fileID: 0}
    - target: {fileID: 3299627628796441410, guid: 79f471c2b39f28341b429827beb0b193,
        type: 3}
      propertyPath: m_LocalRotation.y
      value: 0.44287118
      objectReference: {fileID: 0}
    - target: {fileID: 3299627628796441410, guid: 79f471c2b39f28341b429827beb0b193,
        type: 3}
      propertyPath: m_LocalRotation.z
      value: -0.07000902
      objectReference: {fileID: 0}
    - target: {fileID: 3299627628796441410, guid: 79f471c2b39f28341b429827beb0b193,
        type: 3}
      propertyPath: m_LocalEulerAnglesHint.x
      value: 25.386002
      objectReference: {fileID: 0}
    - target: {fileID: 3299627628796441410, guid: 79f471c2b39f28341b429827beb0b193,
        type: 3}
      propertyPath: m_LocalEulerAnglesHint.y
      value: 54.968002
      objectReference: {fileID: 0}
    - target: {fileID: 3299627628796441410, guid: 79f471c2b39f28341b429827beb0b193,
        type: 3}
      propertyPath: m_LocalEulerAnglesHint.z
      value: 4.149
      objectReference: {fileID: 0}
    - target: {fileID: 3299627628796441411, guid: 79f471c2b39f28341b429827beb0b193,
        type: 3}
      propertyPath: m_Name
      value: nailbrush_glaze
      objectReference: {fileID: 0}
    - target: {fileID: 3299627628796441411, guid: 79f471c2b39f28341b429827beb0b193,
        type: 3}
      propertyPath: m_IsActive
      value: 0
      objectReference: {fileID: 0}
    m_RemovedComponents: []
  m_SourcePrefab: {fileID: 100100000, guid: 79f471c2b39f28341b429827beb0b193, type: 3}
--- !u!4 &3639412564890483929 stripped
Transform:
  m_CorrespondingSourceObject: {fileID: 3299627628796441410, guid: 79f471c2b39f28341b429827beb0b193,
    type: 3}
  m_PrefabInstance: {fileID: 2255014419003740059}
  m_PrefabAsset: {fileID: 0}
--- !u!1 &3639412564890483928 stripped
GameObject:
  m_CorrespondingSourceObject: {fileID: 3299627628796441411, guid: 79f471c2b39f28341b429827beb0b193,
    type: 3}
  m_PrefabInstance: {fileID: 2255014419003740059}
  m_PrefabAsset: {fileID: 0}
--- !u!1001 &3050201975236155774
PrefabInstance:
  m_ObjectHideFlags: 0
  serializedVersion: 2
  m_Modification:
    m_TransformParent: {fileID: 2499891581264274049}
    m_Modifications:
    - target: {fileID: 3299627628796441410, guid: eed7ebf30959b3647a83265b88987fd2,
        type: 3}
      propertyPath: m_RootOrder
      value: 6
      objectReference: {fileID: 0}
    - target: {fileID: 3299627628796441410, guid: eed7ebf30959b3647a83265b88987fd2,
        type: 3}
      propertyPath: m_LocalPosition.x
      value: 0.20851842
      objectReference: {fileID: 0}
    - target: {fileID: 3299627628796441410, guid: eed7ebf30959b3647a83265b88987fd2,
        type: 3}
      propertyPath: m_LocalPosition.y
      value: 1.6062555
      objectReference: {fileID: 0}
    - target: {fileID: 3299627628796441410, guid: eed7ebf30959b3647a83265b88987fd2,
        type: 3}
      propertyPath: m_LocalPosition.z
      value: 0.22626036
      objectReference: {fileID: 0}
    - target: {fileID: 3299627628796441410, guid: eed7ebf30959b3647a83265b88987fd2,
        type: 3}
      propertyPath: m_LocalRotation.w
      value: 0.8685628
      objectReference: {fileID: 0}
    - target: {fileID: 3299627628796441410, guid: eed7ebf30959b3647a83265b88987fd2,
        type: 3}
      propertyPath: m_LocalRotation.x
      value: 0.2110984
      objectReference: {fileID: 0}
    - target: {fileID: 3299627628796441410, guid: eed7ebf30959b3647a83265b88987fd2,
        type: 3}
      propertyPath: m_LocalRotation.y
      value: 0.44287118
      objectReference: {fileID: 0}
    - target: {fileID: 3299627628796441410, guid: eed7ebf30959b3647a83265b88987fd2,
        type: 3}
      propertyPath: m_LocalRotation.z
      value: -0.07000902
      objectReference: {fileID: 0}
    - target: {fileID: 3299627628796441410, guid: eed7ebf30959b3647a83265b88987fd2,
        type: 3}
      propertyPath: m_LocalEulerAnglesHint.x
      value: 25.386002
      objectReference: {fileID: 0}
    - target: {fileID: 3299627628796441410, guid: eed7ebf30959b3647a83265b88987fd2,
        type: 3}
      propertyPath: m_LocalEulerAnglesHint.y
      value: 54.968002
      objectReference: {fileID: 0}
    - target: {fileID: 3299627628796441410, guid: eed7ebf30959b3647a83265b88987fd2,
        type: 3}
      propertyPath: m_LocalEulerAnglesHint.z
      value: 4.149
      objectReference: {fileID: 0}
    - target: {fileID: 3299627628796441411, guid: eed7ebf30959b3647a83265b88987fd2,
        type: 3}
      propertyPath: m_Name
      value: smartphone_glaze
      objectReference: {fileID: 0}
    - target: {fileID: 3299627628796441411, guid: eed7ebf30959b3647a83265b88987fd2,
        type: 3}
      propertyPath: m_IsActive
      value: 0
      objectReference: {fileID: 0}
    m_RemovedComponents: []
  m_SourcePrefab: {fileID: 100100000, guid: eed7ebf30959b3647a83265b88987fd2, type: 3}
--- !u!1 &549121745892452925 stripped
GameObject:
  m_CorrespondingSourceObject: {fileID: 3299627628796441411, guid: eed7ebf30959b3647a83265b88987fd2,
    type: 3}
  m_PrefabInstance: {fileID: 3050201975236155774}
  m_PrefabAsset: {fileID: 0}
--- !u!4 &549121745892452924 stripped
Transform:
  m_CorrespondingSourceObject: {fileID: 3299627628796441410, guid: eed7ebf30959b3647a83265b88987fd2,
    type: 3}
  m_PrefabInstance: {fileID: 3050201975236155774}
  m_PrefabAsset: {fileID: 0}
