%YAML 1.1
%TAG !u! tag:unity3d.com,2011:
--- !u!1 &1416827722837733934
GameObject:
  m_ObjectHideFlags: 0
  m_CorrespondingSourceObject: {fileID: 0}
  m_PrefabInstance: {fileID: 0}
  m_PrefabAsset: {fileID: 0}
  serializedVersion: 6
  m_Component:
  - component: {fileID: 4518000153304933437}
  m_Layer: 8
  m_Name: Options
  m_TagString: Untagged
  m_Icon: {fileID: 0}
  m_NavMeshLayer: 0
  m_StaticEditorFlags: 0
  m_IsActive: 1
--- !u!4 &4518000153304933437
Transform:
  m_ObjectHideFlags: 0
  m_CorrespondingSourceObject: {fileID: 0}
  m_PrefabInstance: {fileID: 0}
  m_PrefabAsset: {fileID: 0}
  m_GameObject: {fileID: 1416827722837733934}
  m_LocalRotation: {x: 0, y: 0, z: 0, w: 1}
  m_LocalPosition: {x: 0, y: 0, z: 0}
  m_LocalScale: {x: 1, y: 1, z: 1}
  m_Children:
  - {fileID: 3227507676342963857}
  - {fileID: 4711137583577030455}
  - {fileID: 3614199907141822296}
  - {fileID: 5116892960262272217}
  - {fileID: 2380960744273151696}
  m_Father: {fileID: 3445294483314122337}
  m_RootOrder: 0
  m_LocalEulerAnglesHint: {x: 0, y: 0, z: 0}
--- !u!1 &1514748849391731281
GameObject:
  m_ObjectHideFlags: 0
  m_CorrespondingSourceObject: {fileID: 0}
  m_PrefabInstance: {fileID: 0}
  m_PrefabAsset: {fileID: 0}
  serializedVersion: 6
  m_Component:
  - component: {fileID: 3445294483314122337}
  - component: {fileID: 6491236064932405400}
  m_Layer: 8
  m_Name: SprinkleManual
  m_TagString: Untagged
  m_Icon: {fileID: 0}
  m_NavMeshLayer: 0
  m_StaticEditorFlags: 0
  m_IsActive: 1
--- !u!4 &3445294483314122337
Transform:
  m_ObjectHideFlags: 0
  m_CorrespondingSourceObject: {fileID: 0}
  m_PrefabInstance: {fileID: 0}
  m_PrefabAsset: {fileID: 0}
  m_GameObject: {fileID: 1514748849391731281}
  m_LocalRotation: {x: 0, y: 0, z: 0, w: 1}
  m_LocalPosition: {x: 0, y: 0, z: 0}
  m_LocalScale: {x: 1, y: 1, z: 1}
  m_Children:
  - {fileID: 4518000153304933437}
  m_Father: {fileID: 0}
  m_RootOrder: 0
  m_LocalEulerAnglesHint: {x: 0, y: 0, z: 0}
--- !u!114 &6491236064932405400
MonoBehaviour:
  m_ObjectHideFlags: 0
  m_CorrespondingSourceObject: {fileID: 0}
  m_PrefabInstance: {fileID: 0}
  m_PrefabAsset: {fileID: 0}
  m_GameObject: {fileID: 1514748849391731281}
  m_Enabled: 1
  m_EditorHideFlags: 0
  m_Script: {fileID: 11500000, guid: 2179359cc2a883a438dca2c78b5c9308, type: 3}
  m_Name: 
  m_EditorClassIdentifier: 
  paths:
  - path: {fileID: 0}
    sections:
    - weight: 1
      options: 
  - path: {fileID: 0}
    sections:
    - weight: 1
      options: 
  options:
  - {fileID: 7128637421908570900}
  - {fileID: 1100349992812913330}
  - {fileID: 8938624348002867933}
  - {fileID: 659412168182024540}
  - {fileID: 8011543064623676245}
  physicsEnabled: 0
--- !u!1001 &4164959262597671889
PrefabInstance:
  m_ObjectHideFlags: 0
  serializedVersion: 2
  m_Modification:
    m_TransformParent: {fileID: 4518000153304933437}
    m_Modifications:
    - target: {fileID: 875333908438342512, guid: bb446f55146bb0e4f81edbcb798da57e,
        type: 3}
      propertyPath: m_Name
      value: Option
      objectReference: {fileID: 0}
    - target: {fileID: 3524730531752452749, guid: bb446f55146bb0e4f81edbcb798da57e,
        type: 3}
      propertyPath: color.ctime5
      value: 65342
      objectReference: {fileID: 0}
    - target: {fileID: 3524730531752452749, guid: bb446f55146bb0e4f81edbcb798da57e,
        type: 3}
      propertyPath: color.key5.g
      value: 0.8209606
      objectReference: {fileID: 0}
    - target: {fileID: 3524730531752452749, guid: bb446f55146bb0e4f81edbcb798da57e,
        type: 3}
      propertyPath: color.key5.b
      value: 0.07843137
      objectReference: {fileID: 0}
    - target: {fileID: 3524730531752452749, guid: bb446f55146bb0e4f81edbcb798da57e,
        type: 3}
      propertyPath: color.m_NumColorKeys
      value: 2
      objectReference: {fileID: 0}
    - target: {fileID: 3524730531752452749, guid: bb446f55146bb0e4f81edbcb798da57e,
        type: 3}
      propertyPath: color.ctime3
      value: 49151
      objectReference: {fileID: 0}
    - target: {fileID: 3524730531752452749, guid: bb446f55146bb0e4f81edbcb798da57e,
        type: 3}
      propertyPath: color.key3.r
      value: 0.62513065
      objectReference: {fileID: 0}
    - target: {fileID: 3524730531752452749, guid: bb446f55146bb0e4f81edbcb798da57e,
        type: 3}
      propertyPath: color.key3.g
      value: 0.07843137
      objectReference: {fileID: 0}
    - target: {fileID: 3524730531752452749, guid: bb446f55146bb0e4f81edbcb798da57e,
        type: 3}
      propertyPath: color.ctime2
      value: 49151
      objectReference: {fileID: 0}
    - target: {fileID: 3524730531752452749, guid: bb446f55146bb0e4f81edbcb798da57e,
        type: 3}
      propertyPath: color.key2.r
      value: 0.62513065
      objectReference: {fileID: 0}
    - target: {fileID: 3524730531752452749, guid: bb446f55146bb0e4f81edbcb798da57e,
        type: 3}
      propertyPath: color.key2.g
      value: 0.07843137
      objectReference: {fileID: 0}
    - target: {fileID: 3524730531752452749, guid: bb446f55146bb0e4f81edbcb798da57e,
        type: 3}
      propertyPath: color.key2.b
      value: 1
      objectReference: {fileID: 0}
    - target: {fileID: 3524730531752452749, guid: bb446f55146bb0e4f81edbcb798da57e,
        type: 3}
      propertyPath: color.ctime1
      value: 65535
      objectReference: {fileID: 0}
    - target: {fileID: 3524730531752452749, guid: bb446f55146bb0e4f81edbcb798da57e,
        type: 3}
      propertyPath: color.key1.r
      value: 0.62513065
      objectReference: {fileID: 0}
    - target: {fileID: 3524730531752452749, guid: bb446f55146bb0e4f81edbcb798da57e,
        type: 3}
      propertyPath: color.key1.g
      value: 0.07843137
      objectReference: {fileID: 0}
    - target: {fileID: 3524730531752452749, guid: bb446f55146bb0e4f81edbcb798da57e,
        type: 3}
      propertyPath: color.key1.b
      value: 1
      objectReference: {fileID: 0}
    - target: {fileID: 3524730531752452749, guid: bb446f55146bb0e4f81edbcb798da57e,
        type: 3}
      propertyPath: color.ctime0
      value: 0
      objectReference: {fileID: 0}
    - target: {fileID: 3524730531752452749, guid: bb446f55146bb0e4f81edbcb798da57e,
        type: 3}
      propertyPath: color.key0.r
      value: 0.62513065
      objectReference: {fileID: 0}
    - target: {fileID: 3524730531752452749, guid: bb446f55146bb0e4f81edbcb798da57e,
        type: 3}
      propertyPath: color.key0.g
      value: 0.07843137
      objectReference: {fileID: 0}
    - target: {fileID: 3524730531752452749, guid: bb446f55146bb0e4f81edbcb798da57e,
        type: 3}
      propertyPath: color.key0.b
      value: 1
      objectReference: {fileID: 0}
    - target: {fileID: 9137297218254561032, guid: bb446f55146bb0e4f81edbcb798da57e,
        type: 3}
      propertyPath: m_LocalPosition.x
      value: 0
      objectReference: {fileID: 0}
    - target: {fileID: 9137297218254561032, guid: bb446f55146bb0e4f81edbcb798da57e,
        type: 3}
      propertyPath: m_LocalPosition.y
      value: 0
      objectReference: {fileID: 0}
    - target: {fileID: 9137297218254561032, guid: bb446f55146bb0e4f81edbcb798da57e,
        type: 3}
      propertyPath: m_LocalPosition.z
      value: 0
      objectReference: {fileID: 0}
    - target: {fileID: 9137297218254561032, guid: bb446f55146bb0e4f81edbcb798da57e,
        type: 3}
      propertyPath: m_LocalRotation.x
      value: -0
      objectReference: {fileID: 0}
    - target: {fileID: 9137297218254561032, guid: bb446f55146bb0e4f81edbcb798da57e,
        type: 3}
      propertyPath: m_LocalRotation.y
      value: -0
      objectReference: {fileID: 0}
    - target: {fileID: 9137297218254561032, guid: bb446f55146bb0e4f81edbcb798da57e,
        type: 3}
      propertyPath: m_LocalRotation.z
      value: -0
      objectReference: {fileID: 0}
    - target: {fileID: 9137297218254561032, guid: bb446f55146bb0e4f81edbcb798da57e,
        type: 3}
      propertyPath: m_LocalRotation.w
      value: 1
      objectReference: {fileID: 0}
    - target: {fileID: 9137297218254561032, guid: bb446f55146bb0e4f81edbcb798da57e,
        type: 3}
      propertyPath: m_RootOrder
      value: 3
      objectReference: {fileID: 0}
    - target: {fileID: 9137297218254561032, guid: bb446f55146bb0e4f81edbcb798da57e,
        type: 3}
      propertyPath: m_LocalEulerAnglesHint.x
      value: 0
      objectReference: {fileID: 0}
    - target: {fileID: 9137297218254561032, guid: bb446f55146bb0e4f81edbcb798da57e,
        type: 3}
      propertyPath: m_LocalEulerAnglesHint.y
      value: 0
      objectReference: {fileID: 0}
    - target: {fileID: 9137297218254561032, guid: bb446f55146bb0e4f81edbcb798da57e,
        type: 3}
      propertyPath: m_LocalEulerAnglesHint.z
      value: 0
      objectReference: {fileID: 0}
    m_RemovedComponents: []
  m_SourcePrefab: {fileID: 100100000, guid: bb446f55146bb0e4f81edbcb798da57e, type: 3}
--- !u!4 &5116892960262272217 stripped
Transform:
  m_CorrespondingSourceObject: {fileID: 9137297218254561032, guid: bb446f55146bb0e4f81edbcb798da57e,
    type: 3}
  m_PrefabInstance: {fileID: 4164959262597671889}
  m_PrefabAsset: {fileID: 0}
--- !u!114 &659412168182024540 stripped
MonoBehaviour:
  m_CorrespondingSourceObject: {fileID: 3524730531752452749, guid: bb446f55146bb0e4f81edbcb798da57e,
    type: 3}
  m_PrefabInstance: {fileID: 4164959262597671889}
  m_PrefabAsset: {fileID: 0}
  m_GameObject: {fileID: 0}
  m_Enabled: 0
  m_EditorHideFlags: 0
  m_Script: {fileID: 11500000, guid: 552fb6fa4deaccb46ba7fa59819fc06a, type: 3}
  m_Name: 
  m_EditorClassIdentifier: 
--- !u!1001 &4588994037475934271
PrefabInstance:
  m_ObjectHideFlags: 0
  serializedVersion: 2
  m_Modification:
    m_TransformParent: {fileID: 4518000153304933437}
    m_Modifications:
    - target: {fileID: 875333908438342512, guid: bb446f55146bb0e4f81edbcb798da57e,
        type: 3}
      propertyPath: m_Name
      value: Option
      objectReference: {fileID: 0}
    - target: {fileID: 3524730531752452749, guid: bb446f55146bb0e4f81edbcb798da57e,
        type: 3}
      propertyPath: color.ctime6
      value: 65150
      objectReference: {fileID: 0}
    - target: {fileID: 3524730531752452749, guid: bb446f55146bb0e4f81edbcb798da57e,
        type: 3}
      propertyPath: color.m_NumColorKeys
      value: 2
      objectReference: {fileID: 0}
    - target: {fileID: 3524730531752452749, guid: bb446f55146bb0e4f81edbcb798da57e,
        type: 3}
      propertyPath: color.ctime0
      value: 0
      objectReference: {fileID: 0}
    - target: {fileID: 3524730531752452749, guid: bb446f55146bb0e4f81edbcb798da57e,
        type: 3}
      propertyPath: color.key0.r
      value: 0.21856683
      objectReference: {fileID: 0}
    - target: {fileID: 3524730531752452749, guid: bb446f55146bb0e4f81edbcb798da57e,
        type: 3}
      propertyPath: color.key0.g
      value: 1
      objectReference: {fileID: 0}
    - target: {fileID: 3524730531752452749, guid: bb446f55146bb0e4f81edbcb798da57e,
        type: 3}
      propertyPath: color.key0.b
      value: 0.08018869
      objectReference: {fileID: 0}
    - target: {fileID: 3524730531752452749, guid: bb446f55146bb0e4f81edbcb798da57e,
        type: 3}
      propertyPath: color.key1.r
      value: 0.21856683
      objectReference: {fileID: 0}
    - target: {fileID: 3524730531752452749, guid: bb446f55146bb0e4f81edbcb798da57e,
        type: 3}
      propertyPath: color.key1.b
      value: 0.08018869
      objectReference: {fileID: 0}
    - target: {fileID: 3524730531752452749, guid: bb446f55146bb0e4f81edbcb798da57e,
        type: 3}
      propertyPath: color.key2.g
      value: 0.07843137
      objectReference: {fileID: 0}
    - target: {fileID: 3524730531752452749, guid: bb446f55146bb0e4f81edbcb798da57e,
        type: 3}
      propertyPath: color.key2.b
      value: 0.46137494
      objectReference: {fileID: 0}
    - target: {fileID: 3524730531752452749, guid: bb446f55146bb0e4f81edbcb798da57e,
        type: 3}
      propertyPath: color.key3.r
      value: 1
      objectReference: {fileID: 0}
    - target: {fileID: 3524730531752452749, guid: bb446f55146bb0e4f81edbcb798da57e,
        type: 3}
      propertyPath: color.key3.g
      value: 0.07843137
      objectReference: {fileID: 0}
    - target: {fileID: 3524730531752452749, guid: bb446f55146bb0e4f81edbcb798da57e,
        type: 3}
      propertyPath: color.key4.r
      value: 1
      objectReference: {fileID: 0}
    - target: {fileID: 3524730531752452749, guid: bb446f55146bb0e4f81edbcb798da57e,
        type: 3}
      propertyPath: color.key4.b
      value: 0.46137494
      objectReference: {fileID: 0}
    - target: {fileID: 3524730531752452749, guid: bb446f55146bb0e4f81edbcb798da57e,
        type: 3}
      propertyPath: color.ctime1
      value: 65535
      objectReference: {fileID: 0}
    - target: {fileID: 3524730531752452749, guid: bb446f55146bb0e4f81edbcb798da57e,
        type: 3}
      propertyPath: color.ctime2
      value: 57054
      objectReference: {fileID: 0}
    - target: {fileID: 3524730531752452749, guid: bb446f55146bb0e4f81edbcb798da57e,
        type: 3}
      propertyPath: color.ctime3
      value: 57054
      objectReference: {fileID: 0}
    - target: {fileID: 3524730531752452749, guid: bb446f55146bb0e4f81edbcb798da57e,
        type: 3}
      propertyPath: color.ctime4
      value: 57054
      objectReference: {fileID: 0}
    - target: {fileID: 3524730531752452749, guid: bb446f55146bb0e4f81edbcb798da57e,
        type: 3}
      propertyPath: color.key1.g
      value: 1
      objectReference: {fileID: 0}
    - target: {fileID: 3524730531752452749, guid: bb446f55146bb0e4f81edbcb798da57e,
        type: 3}
      propertyPath: color.key2.r
      value: 1
      objectReference: {fileID: 0}
    - target: {fileID: 3524730531752452749, guid: bb446f55146bb0e4f81edbcb798da57e,
        type: 3}
      propertyPath: color.key3.b
      value: 0.46137494
      objectReference: {fileID: 0}
    - target: {fileID: 3524730531752452749, guid: bb446f55146bb0e4f81edbcb798da57e,
        type: 3}
      propertyPath: color.atime1
      value: 65535
      objectReference: {fileID: 0}
    - target: {fileID: 9137297218254561032, guid: bb446f55146bb0e4f81edbcb798da57e,
        type: 3}
      propertyPath: m_LocalPosition.x
      value: 0
      objectReference: {fileID: 0}
    - target: {fileID: 9137297218254561032, guid: bb446f55146bb0e4f81edbcb798da57e,
        type: 3}
      propertyPath: m_LocalPosition.y
      value: 0
      objectReference: {fileID: 0}
    - target: {fileID: 9137297218254561032, guid: bb446f55146bb0e4f81edbcb798da57e,
        type: 3}
      propertyPath: m_LocalPosition.z
      value: 0
      objectReference: {fileID: 0}
    - target: {fileID: 9137297218254561032, guid: bb446f55146bb0e4f81edbcb798da57e,
        type: 3}
      propertyPath: m_LocalRotation.x
      value: -0
      objectReference: {fileID: 0}
    - target: {fileID: 9137297218254561032, guid: bb446f55146bb0e4f81edbcb798da57e,
        type: 3}
      propertyPath: m_LocalRotation.y
      value: -0
      objectReference: {fileID: 0}
    - target: {fileID: 9137297218254561032, guid: bb446f55146bb0e4f81edbcb798da57e,
        type: 3}
      propertyPath: m_LocalRotation.z
      value: -0
      objectReference: {fileID: 0}
    - target: {fileID: 9137297218254561032, guid: bb446f55146bb0e4f81edbcb798da57e,
        type: 3}
      propertyPath: m_LocalRotation.w
      value: 1
      objectReference: {fileID: 0}
    - target: {fileID: 9137297218254561032, guid: bb446f55146bb0e4f81edbcb798da57e,
        type: 3}
      propertyPath: m_RootOrder
      value: 1
      objectReference: {fileID: 0}
    - target: {fileID: 9137297218254561032, guid: bb446f55146bb0e4f81edbcb798da57e,
        type: 3}
      propertyPath: m_LocalEulerAnglesHint.x
      value: 0
      objectReference: {fileID: 0}
    - target: {fileID: 9137297218254561032, guid: bb446f55146bb0e4f81edbcb798da57e,
        type: 3}
      propertyPath: m_LocalEulerAnglesHint.y
      value: 0
      objectReference: {fileID: 0}
    - target: {fileID: 9137297218254561032, guid: bb446f55146bb0e4f81edbcb798da57e,
        type: 3}
      propertyPath: m_LocalEulerAnglesHint.z
      value: 0
      objectReference: {fileID: 0}
    m_RemovedComponents: []
  m_SourcePrefab: {fileID: 100100000, guid: bb446f55146bb0e4f81edbcb798da57e, type: 3}
--- !u!4 &4711137583577030455 stripped
Transform:
  m_CorrespondingSourceObject: {fileID: 9137297218254561032, guid: bb446f55146bb0e4f81edbcb798da57e,
    type: 3}
  m_PrefabInstance: {fileID: 4588994037475934271}
  m_PrefabAsset: {fileID: 0}
--- !u!114 &1100349992812913330 stripped
MonoBehaviour:
  m_CorrespondingSourceObject: {fileID: 3524730531752452749, guid: bb446f55146bb0e4f81edbcb798da57e,
    type: 3}
  m_PrefabInstance: {fileID: 4588994037475934271}
  m_PrefabAsset: {fileID: 0}
  m_GameObject: {fileID: 0}
  m_Enabled: 0
  m_EditorHideFlags: 0
  m_Script: {fileID: 11500000, guid: 552fb6fa4deaccb46ba7fa59819fc06a, type: 3}
  m_Name: 
  m_EditorClassIdentifier: 
--- !u!1001 &5541121623757322320
PrefabInstance:
  m_ObjectHideFlags: 0
  serializedVersion: 2
  m_Modification:
    m_TransformParent: {fileID: 4518000153304933437}
    m_Modifications:
    - target: {fileID: 875333908438342512, guid: bb446f55146bb0e4f81edbcb798da57e,
        type: 3}
      propertyPath: m_Name
      value: Option
      objectReference: {fileID: 0}
    - target: {fileID: 3524730531752452749, guid: bb446f55146bb0e4f81edbcb798da57e,
        type: 3}
      propertyPath: color.key0.r
      value: 0.07843137
      objectReference: {fileID: 0}
    - target: {fileID: 3524730531752452749, guid: bb446f55146bb0e4f81edbcb798da57e,
        type: 3}
      propertyPath: color.key0.g
      value: 0.4779123
      objectReference: {fileID: 0}
    - target: {fileID: 3524730531752452749, guid: bb446f55146bb0e4f81edbcb798da57e,
        type: 3}
      propertyPath: color.key0.b
      value: 1
      objectReference: {fileID: 0}
    - target: {fileID: 3524730531752452749, guid: bb446f55146bb0e4f81edbcb798da57e,
        type: 3}
      propertyPath: color.key1.r
      value: 0.07843137
      objectReference: {fileID: 0}
    - target: {fileID: 3524730531752452749, guid: bb446f55146bb0e4f81edbcb798da57e,
        type: 3}
      propertyPath: color.key1.b
      value: 1
      objectReference: {fileID: 0}
    - target: {fileID: 3524730531752452749, guid: bb446f55146bb0e4f81edbcb798da57e,
        type: 3}
      propertyPath: color.key2.g
      value: 0.8209606
      objectReference: {fileID: 0}
    - target: {fileID: 3524730531752452749, guid: bb446f55146bb0e4f81edbcb798da57e,
        type: 3}
      propertyPath: color.key2.b
      value: 0.07843137
      objectReference: {fileID: 0}
    - target: {fileID: 3524730531752452749, guid: bb446f55146bb0e4f81edbcb798da57e,
        type: 3}
      propertyPath: color.key3.r
      value: 1
      objectReference: {fileID: 0}
    - target: {fileID: 3524730531752452749, guid: bb446f55146bb0e4f81edbcb798da57e,
        type: 3}
      propertyPath: color.key3.g
      value: 0.8209606
      objectReference: {fileID: 0}
    - target: {fileID: 3524730531752452749, guid: bb446f55146bb0e4f81edbcb798da57e,
        type: 3}
      propertyPath: color.key4.r
      value: 1
      objectReference: {fileID: 0}
    - target: {fileID: 3524730531752452749, guid: bb446f55146bb0e4f81edbcb798da57e,
        type: 3}
      propertyPath: color.key4.b
      value: 0.07843137
      objectReference: {fileID: 0}
    - target: {fileID: 3524730531752452749, guid: bb446f55146bb0e4f81edbcb798da57e,
        type: 3}
      propertyPath: color.key5.g
      value: 0.8209606
      objectReference: {fileID: 0}
    - target: {fileID: 3524730531752452749, guid: bb446f55146bb0e4f81edbcb798da57e,
        type: 3}
      propertyPath: color.key5.b
      value: 0.07843137
      objectReference: {fileID: 0}
    - target: {fileID: 3524730531752452749, guid: bb446f55146bb0e4f81edbcb798da57e,
        type: 3}
      propertyPath: color.ctime0
      value: 0
      objectReference: {fileID: 0}
    - target: {fileID: 3524730531752452749, guid: bb446f55146bb0e4f81edbcb798da57e,
        type: 3}
      propertyPath: color.ctime1
      value: 65535
      objectReference: {fileID: 0}
    - target: {fileID: 3524730531752452749, guid: bb446f55146bb0e4f81edbcb798da57e,
        type: 3}
      propertyPath: color.ctime2
      value: 64571
      objectReference: {fileID: 0}
    - target: {fileID: 3524730531752452749, guid: bb446f55146bb0e4f81edbcb798da57e,
        type: 3}
      propertyPath: color.ctime3
      value: 64571
      objectReference: {fileID: 0}
    - target: {fileID: 3524730531752452749, guid: bb446f55146bb0e4f81edbcb798da57e,
        type: 3}
      propertyPath: color.ctime4
      value: 64571
      objectReference: {fileID: 0}
    - target: {fileID: 3524730531752452749, guid: bb446f55146bb0e4f81edbcb798da57e,
        type: 3}
      propertyPath: color.ctime5
      value: 64571
      objectReference: {fileID: 0}
    - target: {fileID: 3524730531752452749, guid: bb446f55146bb0e4f81edbcb798da57e,
        type: 3}
      propertyPath: color.m_NumColorKeys
      value: 2
      objectReference: {fileID: 0}
    - target: {fileID: 3524730531752452749, guid: bb446f55146bb0e4f81edbcb798da57e,
        type: 3}
      propertyPath: color.key1.g
      value: 0.4779123
      objectReference: {fileID: 0}
    - target: {fileID: 3524730531752452749, guid: bb446f55146bb0e4f81edbcb798da57e,
        type: 3}
      propertyPath: color.key2.r
      value: 1
      objectReference: {fileID: 0}
    - target: {fileID: 3524730531752452749, guid: bb446f55146bb0e4f81edbcb798da57e,
        type: 3}
      propertyPath: color.key3.b
      value: 0.07843137
      objectReference: {fileID: 0}
    - target: {fileID: 3524730531752452749, guid: bb446f55146bb0e4f81edbcb798da57e,
        type: 3}
      propertyPath: color.key4.g
      value: 0.8209606
      objectReference: {fileID: 0}
    - target: {fileID: 9137297218254561032, guid: bb446f55146bb0e4f81edbcb798da57e,
        type: 3}
      propertyPath: m_LocalPosition.x
      value: 0
      objectReference: {fileID: 0}
    - target: {fileID: 9137297218254561032, guid: bb446f55146bb0e4f81edbcb798da57e,
        type: 3}
      propertyPath: m_LocalPosition.y
      value: 0
      objectReference: {fileID: 0}
    - target: {fileID: 9137297218254561032, guid: bb446f55146bb0e4f81edbcb798da57e,
        type: 3}
      propertyPath: m_LocalPosition.z
      value: 0
      objectReference: {fileID: 0}
    - target: {fileID: 9137297218254561032, guid: bb446f55146bb0e4f81edbcb798da57e,
        type: 3}
      propertyPath: m_LocalRotation.x
      value: -0
      objectReference: {fileID: 0}
    - target: {fileID: 9137297218254561032, guid: bb446f55146bb0e4f81edbcb798da57e,
        type: 3}
      propertyPath: m_LocalRotation.y
      value: -0
      objectReference: {fileID: 0}
    - target: {fileID: 9137297218254561032, guid: bb446f55146bb0e4f81edbcb798da57e,
        type: 3}
      propertyPath: m_LocalRotation.z
      value: -0
      objectReference: {fileID: 0}
    - target: {fileID: 9137297218254561032, guid: bb446f55146bb0e4f81edbcb798da57e,
        type: 3}
      propertyPath: m_LocalRotation.w
      value: 1
      objectReference: {fileID: 0}
    - target: {fileID: 9137297218254561032, guid: bb446f55146bb0e4f81edbcb798da57e,
        type: 3}
      propertyPath: m_RootOrder
      value: 2
      objectReference: {fileID: 0}
    - target: {fileID: 9137297218254561032, guid: bb446f55146bb0e4f81edbcb798da57e,
        type: 3}
      propertyPath: m_LocalEulerAnglesHint.x
      value: 0
      objectReference: {fileID: 0}
    - target: {fileID: 9137297218254561032, guid: bb446f55146bb0e4f81edbcb798da57e,
        type: 3}
      propertyPath: m_LocalEulerAnglesHint.y
      value: 0
      objectReference: {fileID: 0}
    - target: {fileID: 9137297218254561032, guid: bb446f55146bb0e4f81edbcb798da57e,
        type: 3}
      propertyPath: m_LocalEulerAnglesHint.z
      value: 0
      objectReference: {fileID: 0}
    m_RemovedComponents: []
  m_SourcePrefab: {fileID: 100100000, guid: bb446f55146bb0e4f81edbcb798da57e, type: 3}
--- !u!4 &3614199907141822296 stripped
Transform:
  m_CorrespondingSourceObject: {fileID: 9137297218254561032, guid: bb446f55146bb0e4f81edbcb798da57e,
    type: 3}
  m_PrefabInstance: {fileID: 5541121623757322320}
  m_PrefabAsset: {fileID: 0}
--- !u!114 &8938624348002867933 stripped
MonoBehaviour:
  m_CorrespondingSourceObject: {fileID: 3524730531752452749, guid: bb446f55146bb0e4f81edbcb798da57e,
    type: 3}
  m_PrefabInstance: {fileID: 5541121623757322320}
  m_PrefabAsset: {fileID: 0}
  m_GameObject: {fileID: 0}
  m_Enabled: 0
  m_EditorHideFlags: 0
  m_Script: {fileID: 11500000, guid: 552fb6fa4deaccb46ba7fa59819fc06a, type: 3}
  m_Name: 
  m_EditorClassIdentifier: 
--- !u!1001 &5909947881594196377
PrefabInstance:
  m_ObjectHideFlags: 0
  serializedVersion: 2
  m_Modification:
    m_TransformParent: {fileID: 4518000153304933437}
    m_Modifications:
    - target: {fileID: 875333908438342512, guid: bb446f55146bb0e4f81edbcb798da57e,
        type: 3}
      propertyPath: m_Name
      value: Option
      objectReference: {fileID: 0}
    - target: {fileID: 3524730531752452749, guid: bb446f55146bb0e4f81edbcb798da57e,
        type: 3}
      propertyPath: color.key1.r
      value: 1
      objectReference: {fileID: 0}
    - target: {fileID: 3524730531752452749, guid: bb446f55146bb0e4f81edbcb798da57e,
        type: 3}
      propertyPath: color.key1.g
      value: 0.7400185
      objectReference: {fileID: 0}
    - target: {fileID: 3524730531752452749, guid: bb446f55146bb0e4f81edbcb798da57e,
        type: 3}
      propertyPath: color.key1.b
      value: 0
      objectReference: {fileID: 0}
    - target: {fileID: 3524730531752452749, guid: bb446f55146bb0e4f81edbcb798da57e,
        type: 3}
      propertyPath: color.ctime1
      value: 65535
      objectReference: {fileID: 0}
    - target: {fileID: 3524730531752452749, guid: bb446f55146bb0e4f81edbcb798da57e,
        type: 3}
      propertyPath: color.m_NumColorKeys
      value: 2
      objectReference: {fileID: 0}
    - target: {fileID: 9137297218254561032, guid: bb446f55146bb0e4f81edbcb798da57e,
        type: 3}
      propertyPath: m_LocalPosition.x
      value: 0
      objectReference: {fileID: 0}
    - target: {fileID: 9137297218254561032, guid: bb446f55146bb0e4f81edbcb798da57e,
        type: 3}
      propertyPath: m_LocalPosition.y
      value: 0
      objectReference: {fileID: 0}
    - target: {fileID: 9137297218254561032, guid: bb446f55146bb0e4f81edbcb798da57e,
        type: 3}
      propertyPath: m_LocalPosition.z
      value: 0
      objectReference: {fileID: 0}
    - target: {fileID: 9137297218254561032, guid: bb446f55146bb0e4f81edbcb798da57e,
        type: 3}
      propertyPath: m_LocalRotation.x
      value: -0
      objectReference: {fileID: 0}
    - target: {fileID: 9137297218254561032, guid: bb446f55146bb0e4f81edbcb798da57e,
        type: 3}
      propertyPath: m_LocalRotation.y
      value: -0
      objectReference: {fileID: 0}
    - target: {fileID: 9137297218254561032, guid: bb446f55146bb0e4f81edbcb798da57e,
        type: 3}
      propertyPath: m_LocalRotation.z
      value: -0
      objectReference: {fileID: 0}
    - target: {fileID: 9137297218254561032, guid: bb446f55146bb0e4f81edbcb798da57e,
        type: 3}
      propertyPath: m_LocalRotation.w
      value: 1
      objectReference: {fileID: 0}
    - target: {fileID: 9137297218254561032, guid: bb446f55146bb0e4f81edbcb798da57e,
        type: 3}
      propertyPath: m_RootOrder
      value: 0
      objectReference: {fileID: 0}
    - target: {fileID: 9137297218254561032, guid: bb446f55146bb0e4f81edbcb798da57e,
        type: 3}
      propertyPath: m_LocalEulerAnglesHint.x
      value: 0
      objectReference: {fileID: 0}
    - target: {fileID: 9137297218254561032, guid: bb446f55146bb0e4f81edbcb798da57e,
        type: 3}
      propertyPath: m_LocalEulerAnglesHint.y
      value: 0
      objectReference: {fileID: 0}
    - target: {fileID: 9137297218254561032, guid: bb446f55146bb0e4f81edbcb798da57e,
        type: 3}
      propertyPath: m_LocalEulerAnglesHint.z
      value: 0
      objectReference: {fileID: 0}
    m_RemovedComponents: []
  m_SourcePrefab: {fileID: 100100000, guid: bb446f55146bb0e4f81edbcb798da57e, type: 3}
--- !u!4 &3227507676342963857 stripped
Transform:
  m_CorrespondingSourceObject: {fileID: 9137297218254561032, guid: bb446f55146bb0e4f81edbcb798da57e,
    type: 3}
  m_PrefabInstance: {fileID: 5909947881594196377}
  m_PrefabAsset: {fileID: 0}
--- !u!114 &7128637421908570900 stripped
MonoBehaviour:
  m_CorrespondingSourceObject: {fileID: 3524730531752452749, guid: bb446f55146bb0e4f81edbcb798da57e,
    type: 3}
  m_PrefabInstance: {fileID: 5909947881594196377}
  m_PrefabAsset: {fileID: 0}
  m_GameObject: {fileID: 0}
  m_Enabled: 0
  m_EditorHideFlags: 0
  m_Script: {fileID: 11500000, guid: 552fb6fa4deaccb46ba7fa59819fc06a, type: 3}
  m_Name: 
  m_EditorClassIdentifier: 
--- !u!1001 &6900900314693982680
PrefabInstance:
  m_ObjectHideFlags: 0
  serializedVersion: 2
  m_Modification:
    m_TransformParent: {fileID: 4518000153304933437}
    m_Modifications:
    - target: {fileID: 875333908438342512, guid: bb446f55146bb0e4f81edbcb798da57e,
        type: 3}
      propertyPath: m_Name
      value: Option
      objectReference: {fileID: 0}
    - target: {fileID: 3524730531752452749, guid: bb446f55146bb0e4f81edbcb798da57e,
        type: 3}
      propertyPath: color.ctime4
      value: 57054
      objectReference: {fileID: 0}
    - target: {fileID: 3524730531752452749, guid: bb446f55146bb0e4f81edbcb798da57e,
        type: 3}
      propertyPath: color.key4.r
      value: 1
      objectReference: {fileID: 0}
    - target: {fileID: 3524730531752452749, guid: bb446f55146bb0e4f81edbcb798da57e,
        type: 3}
      propertyPath: color.key4.b
      value: 0.46137494
      objectReference: {fileID: 0}
    - target: {fileID: 3524730531752452749, guid: bb446f55146bb0e4f81edbcb798da57e,
        type: 3}
      propertyPath: color.key5.g
      value: 0.8209606
      objectReference: {fileID: 0}
    - target: {fileID: 3524730531752452749, guid: bb446f55146bb0e4f81edbcb798da57e,
        type: 3}
      propertyPath: color.key5.b
      value: 0.07843137
      objectReference: {fileID: 0}
    - target: {fileID: 3524730531752452749, guid: bb446f55146bb0e4f81edbcb798da57e,
        type: 3}
      propertyPath: color.ctime5
      value: 64571
      objectReference: {fileID: 0}
    - target: {fileID: 3524730531752452749, guid: bb446f55146bb0e4f81edbcb798da57e,
        type: 3}
      propertyPath: color.m_NumColorKeys
      value: 2
      objectReference: {fileID: 0}
    - target: {fileID: 3524730531752452749, guid: bb446f55146bb0e4f81edbcb798da57e,
        type: 3}
      propertyPath: color.ctime3
      value: 57054
      objectReference: {fileID: 0}
    - target: {fileID: 3524730531752452749, guid: bb446f55146bb0e4f81edbcb798da57e,
        type: 3}
      propertyPath: color.key3.r
      value: 1
      objectReference: {fileID: 0}
    - target: {fileID: 3524730531752452749, guid: bb446f55146bb0e4f81edbcb798da57e,
        type: 3}
      propertyPath: color.key3.g
      value: 0.07843137
      objectReference: {fileID: 0}
    - target: {fileID: 3524730531752452749, guid: bb446f55146bb0e4f81edbcb798da57e,
        type: 3}
      propertyPath: color.key3.b
      value: 0.46137494
      objectReference: {fileID: 0}
    - target: {fileID: 3524730531752452749, guid: bb446f55146bb0e4f81edbcb798da57e,
        type: 3}
      propertyPath: color.ctime2
      value: 57054
      objectReference: {fileID: 0}
    - target: {fileID: 3524730531752452749, guid: bb446f55146bb0e4f81edbcb798da57e,
        type: 3}
      propertyPath: color.key2.r
      value: 1
      objectReference: {fileID: 0}
    - target: {fileID: 3524730531752452749, guid: bb446f55146bb0e4f81edbcb798da57e,
        type: 3}
      propertyPath: color.key2.g
      value: 0.07843137
      objectReference: {fileID: 0}
    - target: {fileID: 3524730531752452749, guid: bb446f55146bb0e4f81edbcb798da57e,
        type: 3}
      propertyPath: color.key2.b
      value: 0.46137494
      objectReference: {fileID: 0}
    - target: {fileID: 3524730531752452749, guid: bb446f55146bb0e4f81edbcb798da57e,
        type: 3}
      propertyPath: color.ctime1
      value: 65535
      objectReference: {fileID: 0}
    - target: {fileID: 3524730531752452749, guid: bb446f55146bb0e4f81edbcb798da57e,
        type: 3}
      propertyPath: color.key1.r
      value: 1
      objectReference: {fileID: 0}
    - target: {fileID: 3524730531752452749, guid: bb446f55146bb0e4f81edbcb798da57e,
        type: 3}
      propertyPath: color.key1.g
      value: 0.07843137
      objectReference: {fileID: 0}
    - target: {fileID: 3524730531752452749, guid: bb446f55146bb0e4f81edbcb798da57e,
        type: 3}
      propertyPath: color.key1.b
      value: 0.46137494
      objectReference: {fileID: 0}
    - target: {fileID: 3524730531752452749, guid: bb446f55146bb0e4f81edbcb798da57e,
        type: 3}
      propertyPath: color.ctime0
      value: 0
      objectReference: {fileID: 0}
    - target: {fileID: 3524730531752452749, guid: bb446f55146bb0e4f81edbcb798da57e,
        type: 3}
      propertyPath: color.key0.g
      value: 0.07843137
      objectReference: {fileID: 0}
    - target: {fileID: 3524730531752452749, guid: bb446f55146bb0e4f81edbcb798da57e,
        type: 3}
      propertyPath: color.key0.b
      value: 0.46137494
      objectReference: {fileID: 0}
    - target: {fileID: 9137297218254561032, guid: bb446f55146bb0e4f81edbcb798da57e,
        type: 3}
      propertyPath: m_LocalPosition.x
      value: 0
      objectReference: {fileID: 0}
    - target: {fileID: 9137297218254561032, guid: bb446f55146bb0e4f81edbcb798da57e,
        type: 3}
      propertyPath: m_LocalPosition.y
      value: 0
      objectReference: {fileID: 0}
    - target: {fileID: 9137297218254561032, guid: bb446f55146bb0e4f81edbcb798da57e,
        type: 3}
      propertyPath: m_LocalPosition.z
      value: 0
      objectReference: {fileID: 0}
    - target: {fileID: 9137297218254561032, guid: bb446f55146bb0e4f81edbcb798da57e,
        type: 3}
      propertyPath: m_LocalRotation.x
      value: -0
      objectReference: {fileID: 0}
    - target: {fileID: 9137297218254561032, guid: bb446f55146bb0e4f81edbcb798da57e,
        type: 3}
      propertyPath: m_LocalRotation.y
      value: -0
      objectReference: {fileID: 0}
    - target: {fileID: 9137297218254561032, guid: bb446f55146bb0e4f81edbcb798da57e,
        type: 3}
      propertyPath: m_LocalRotation.z
      value: -0
      objectReference: {fileID: 0}
    - target: {fileID: 9137297218254561032, guid: bb446f55146bb0e4f81edbcb798da57e,
        type: 3}
      propertyPath: m_LocalRotation.w
      value: 1
      objectReference: {fileID: 0}
    - target: {fileID: 9137297218254561032, guid: bb446f55146bb0e4f81edbcb798da57e,
        type: 3}
      propertyPath: m_RootOrder
      value: 4
      objectReference: {fileID: 0}
    - target: {fileID: 9137297218254561032, guid: bb446f55146bb0e4f81edbcb798da57e,
        type: 3}
      propertyPath: m_LocalEulerAnglesHint.x
      value: 0
      objectReference: {fileID: 0}
    - target: {fileID: 9137297218254561032, guid: bb446f55146bb0e4f81edbcb798da57e,
        type: 3}
      propertyPath: m_LocalEulerAnglesHint.y
      value: 0
      objectReference: {fileID: 0}
    - target: {fileID: 9137297218254561032, guid: bb446f55146bb0e4f81edbcb798da57e,
        type: 3}
      propertyPath: m_LocalEulerAnglesHint.z
      value: 0
      objectReference: {fileID: 0}
    m_RemovedComponents: []
  m_SourcePrefab: {fileID: 100100000, guid: bb446f55146bb0e4f81edbcb798da57e, type: 3}
--- !u!4 &2380960744273151696 stripped
Transform:
  m_CorrespondingSourceObject: {fileID: 9137297218254561032, guid: bb446f55146bb0e4f81edbcb798da57e,
    type: 3}
  m_PrefabInstance: {fileID: 6900900314693982680}
  m_PrefabAsset: {fileID: 0}
--- !u!114 &8011543064623676245 stripped
MonoBehaviour:
  m_CorrespondingSourceObject: {fileID: 3524730531752452749, guid: bb446f55146bb0e4f81edbcb798da57e,
    type: 3}
  m_PrefabInstance: {fileID: 6900900314693982680}
  m_PrefabAsset: {fileID: 0}
  m_GameObject: {fileID: 0}
  m_Enabled: 0
  m_EditorHideFlags: 0
  m_Script: {fileID: 11500000, guid: 552fb6fa4deaccb46ba7fa59819fc06a, type: 3}
  m_Name: 
  m_EditorClassIdentifier: 
