%YAML 1.1
%TAG !u! tag:unity3d.com,2011:
--- !u!1 &6122857405306882516
GameObject:
  m_ObjectHideFlags: 0
  m_CorrespondingSourceObject: {fileID: 0}
  m_PrefabInstance: {fileID: 0}
  m_PrefabAsset: {fileID: 0}
  serializedVersion: 6
  m_Component:
  - component: {fileID: 6122857405306882517}
  m_Layer: 8
  m_Name: BoxFx
  m_TagString: Untagged
  m_Icon: {fileID: 0}
  m_NavMeshLayer: 0
  m_StaticEditorFlags: 0
  m_IsActive: 1
--- !u!4 &6122857405306882517
Transform:
  m_ObjectHideFlags: 0
  m_CorrespondingSourceObject: {fileID: 0}
  m_PrefabInstance: {fileID: 0}
  m_PrefabAsset: {fileID: 0}
  m_GameObject: {fileID: 6122857405306882516}
  m_LocalRotation: {x: 0.7071068, y: -0, z: -0, w: 0.7071068}
  m_LocalPosition: {x: 0, y: 2, z: -3}
  m_LocalScale: {x: 0.1, y: 0.1, z: 0.1}
  m_Children:
  - {fileID: 6038508142069353440}
  - {fileID: 5658470967889096849}
  - {fileID: 8412925400116252786}
  - {fileID: 8648520744579899342}
  - {fileID: 915592915725431387}
  m_Father: {fileID: 0}
  m_RootOrder: 0
  m_LocalEulerAnglesHint: {x: 90, y: 0, z: 0}
--- !u!1001 &1169238205693817746
PrefabInstance:
  m_ObjectHideFlags: 0
  serializedVersion: 2
  m_Modification:
    m_TransformParent: {fileID: 6122857405306882517}
    m_Modifications:
    - target: {fileID: 507598462498027981, guid: 5c8614ba8dd97d7438115f269b343f95,
        type: 3}
      propertyPath: m_Name
      value: Bubble2
      objectReference: {fileID: 0}
    - target: {fileID: 507598462498027981, guid: 5c8614ba8dd97d7438115f269b343f95,
        type: 3}
      propertyPath: m_IsActive
      value: 1
      objectReference: {fileID: 0}
    - target: {fileID: 7275918037901616096, guid: 5c8614ba8dd97d7438115f269b343f95,
        type: 3}
      propertyPath: m_LocalPosition.x
      value: 0
      objectReference: {fileID: 0}
    - target: {fileID: 7275918037901616096, guid: 5c8614ba8dd97d7438115f269b343f95,
        type: 3}
      propertyPath: m_LocalPosition.y
      value: 0
      objectReference: {fileID: 0}
    - target: {fileID: 7275918037901616096, guid: 5c8614ba8dd97d7438115f269b343f95,
        type: 3}
      propertyPath: m_LocalPosition.z
      value: 0
      objectReference: {fileID: 0}
    - target: {fileID: 7275918037901616096, guid: 5c8614ba8dd97d7438115f269b343f95,
        type: 3}
      propertyPath: m_LocalRotation.x
      value: -0
      objectReference: {fileID: 0}
    - target: {fileID: 7275918037901616096, guid: 5c8614ba8dd97d7438115f269b343f95,
        type: 3}
      propertyPath: m_LocalRotation.y
      value: -0
      objectReference: {fileID: 0}
    - target: {fileID: 7275918037901616096, guid: 5c8614ba8dd97d7438115f269b343f95,
        type: 3}
      propertyPath: m_LocalRotation.z
      value: -0
      objectReference: {fileID: 0}
    - target: {fileID: 7275918037901616096, guid: 5c8614ba8dd97d7438115f269b343f95,
        type: 3}
      propertyPath: m_LocalRotation.w
      value: 1
      objectReference: {fileID: 0}
    - target: {fileID: 7275918037901616096, guid: 5c8614ba8dd97d7438115f269b343f95,
        type: 3}
      propertyPath: m_RootOrder
      value: 2
      objectReference: {fileID: 0}
    - target: {fileID: 7275918037901616096, guid: 5c8614ba8dd97d7438115f269b343f95,
        type: 3}
      propertyPath: m_LocalEulerAnglesHint.x
      value: 0
      objectReference: {fileID: 0}
    - target: {fileID: 7275918037901616096, guid: 5c8614ba8dd97d7438115f269b343f95,
        type: 3}
      propertyPath: m_LocalEulerAnglesHint.y
      value: 0
      objectReference: {fileID: 0}
    - target: {fileID: 7275918037901616096, guid: 5c8614ba8dd97d7438115f269b343f95,
        type: 3}
      propertyPath: m_LocalEulerAnglesHint.z
      value: 0
      objectReference: {fileID: 0}
    - target: {fileID: 7275918037901616096, guid: 5c8614ba8dd97d7438115f269b343f95,
        type: 3}
      propertyPath: m_LocalScale.x
      value: 0.20000002
      objectReference: {fileID: 0}
    - target: {fileID: 7275918037901616096, guid: 5c8614ba8dd97d7438115f269b343f95,
        type: 3}
      propertyPath: m_LocalScale.y
      value: 0.2000001
      objectReference: {fileID: 0}
    - target: {fileID: 7275918037901616096, guid: 5c8614ba8dd97d7438115f269b343f95,
        type: 3}
      propertyPath: m_LocalScale.z
      value: 0.20000009
      objectReference: {fileID: 0}
    - target: {fileID: 777639267993812952, guid: 5c8614ba8dd97d7438115f269b343f95,
        type: 3}
      propertyPath: playOnAwake
      value: 0
      objectReference: {fileID: 0}
    m_RemovedComponents: []
  m_SourcePrefab: {fileID: 100100000, guid: 5c8614ba8dd97d7438115f269b343f95, type: 3}
--- !u!4 &8412925400116252786 stripped
Transform:
  m_CorrespondingSourceObject: {fileID: 7275918037901616096, guid: 5c8614ba8dd97d7438115f269b343f95,
    type: 3}
  m_PrefabInstance: {fileID: 1169238205693817746}
  m_PrefabAsset: {fileID: 0}
--- !u!1001 &1538659630299362834
PrefabInstance:
  m_ObjectHideFlags: 0
  serializedVersion: 2
  m_Modification:
    m_TransformParent: {fileID: 6122857405306882517}
    m_Modifications:
    - target: {fileID: 8701664306010324579, guid: 1781b52a20e424648b952bd7c4b36af6,
        type: 3}
      propertyPath: m_Name
      value: Confetti
      objectReference: {fileID: 0}
    - target: {fileID: 8701664306010324579, guid: 1781b52a20e424648b952bd7c4b36af6,
        type: 3}
      propertyPath: m_IsActive
      value: 1
      objectReference: {fileID: 0}
    - target: {fileID: 5086672711529479666, guid: 1781b52a20e424648b952bd7c4b36af6,
        type: 3}
      propertyPath: m_LocalPosition.x
      value: 0
      objectReference: {fileID: 0}
    - target: {fileID: 5086672711529479666, guid: 1781b52a20e424648b952bd7c4b36af6,
        type: 3}
      propertyPath: m_LocalPosition.y
      value: 0
      objectReference: {fileID: 0}
    - target: {fileID: 5086672711529479666, guid: 1781b52a20e424648b952bd7c4b36af6,
        type: 3}
      propertyPath: m_LocalPosition.z
      value: 0
      objectReference: {fileID: 0}
    - target: {fileID: 5086672711529479666, guid: 1781b52a20e424648b952bd7c4b36af6,
        type: 3}
      propertyPath: m_LocalRotation.x
      value: -0
      objectReference: {fileID: 0}
    - target: {fileID: 5086672711529479666, guid: 1781b52a20e424648b952bd7c4b36af6,
        type: 3}
      propertyPath: m_LocalRotation.y
      value: -0
      objectReference: {fileID: 0}
    - target: {fileID: 5086672711529479666, guid: 1781b52a20e424648b952bd7c4b36af6,
        type: 3}
      propertyPath: m_LocalRotation.z
      value: -0
      objectReference: {fileID: 0}
    - target: {fileID: 5086672711529479666, guid: 1781b52a20e424648b952bd7c4b36af6,
        type: 3}
      propertyPath: m_LocalRotation.w
      value: 1
      objectReference: {fileID: 0}
    - target: {fileID: 5086672711529479666, guid: 1781b52a20e424648b952bd7c4b36af6,
        type: 3}
      propertyPath: m_RootOrder
      value: 0
      objectReference: {fileID: 0}
    - target: {fileID: 5086672711529479666, guid: 1781b52a20e424648b952bd7c4b36af6,
        type: 3}
      propertyPath: m_LocalEulerAnglesHint.x
      value: 0
      objectReference: {fileID: 0}
    - target: {fileID: 5086672711529479666, guid: 1781b52a20e424648b952bd7c4b36af6,
        type: 3}
      propertyPath: m_LocalEulerAnglesHint.y
      value: 0
      objectReference: {fileID: 0}
    - target: {fileID: 5086672711529479666, guid: 1781b52a20e424648b952bd7c4b36af6,
        type: 3}
      propertyPath: m_LocalEulerAnglesHint.z
      value: 0
      objectReference: {fileID: 0}
    - target: {fileID: 4384601220158045174, guid: 1781b52a20e424648b952bd7c4b36af6,
        type: 3}
      propertyPath: ShapeModule.m_Rotation.x
      value: 90
      objectReference: {fileID: 0}
    - target: {fileID: 4384601220158045174, guid: 1781b52a20e424648b952bd7c4b36af6,
        type: 3}
      propertyPath: playOnAwake
      value: 0
      objectReference: {fileID: 0}
    m_RemovedComponents: []
  m_SourcePrefab: {fileID: 100100000, guid: 1781b52a20e424648b952bd7c4b36af6, type: 3}
--- !u!4 &6038508142069353440 stripped
Transform:
  m_CorrespondingSourceObject: {fileID: 5086672711529479666, guid: 1781b52a20e424648b952bd7c4b36af6,
    type: 3}
  m_PrefabInstance: {fileID: 1538659630299362834}
  m_PrefabAsset: {fileID: 0}
--- !u!1001 &1985356266209591103
PrefabInstance:
  m_ObjectHideFlags: 0
  serializedVersion: 2
  m_Modification:
    m_TransformParent: {fileID: 6122857405306882517}
    m_Modifications:
    - target: {fileID: 2179362270472265632, guid: 72a80618a19fae24183e1e0aee257a50,
        type: 3}
      propertyPath: m_Name
      value: Bubble3
      objectReference: {fileID: 0}
    - target: {fileID: 2179362270472265632, guid: 72a80618a19fae24183e1e0aee257a50,
        type: 3}
      propertyPath: m_IsActive
      value: 1
      objectReference: {fileID: 0}
    - target: {fileID: 7172211975899619569, guid: 72a80618a19fae24183e1e0aee257a50,
        type: 3}
      propertyPath: m_LocalPosition.x
      value: 0
      objectReference: {fileID: 0}
    - target: {fileID: 7172211975899619569, guid: 72a80618a19fae24183e1e0aee257a50,
        type: 3}
      propertyPath: m_LocalPosition.y
      value: 0
      objectReference: {fileID: 0}
    - target: {fileID: 7172211975899619569, guid: 72a80618a19fae24183e1e0aee257a50,
        type: 3}
      propertyPath: m_LocalPosition.z
      value: 0
      objectReference: {fileID: 0}
    - target: {fileID: 7172211975899619569, guid: 72a80618a19fae24183e1e0aee257a50,
        type: 3}
      propertyPath: m_LocalRotation.x
      value: -0
      objectReference: {fileID: 0}
    - target: {fileID: 7172211975899619569, guid: 72a80618a19fae24183e1e0aee257a50,
        type: 3}
      propertyPath: m_LocalRotation.y
      value: -0
      objectReference: {fileID: 0}
    - target: {fileID: 7172211975899619569, guid: 72a80618a19fae24183e1e0aee257a50,
        type: 3}
      propertyPath: m_LocalRotation.z
      value: -0
      objectReference: {fileID: 0}
    - target: {fileID: 7172211975899619569, guid: 72a80618a19fae24183e1e0aee257a50,
        type: 3}
      propertyPath: m_LocalRotation.w
      value: 1
      objectReference: {fileID: 0}
    - target: {fileID: 7172211975899619569, guid: 72a80618a19fae24183e1e0aee257a50,
        type: 3}
      propertyPath: m_RootOrder
      value: 3
      objectReference: {fileID: 0}
    - target: {fileID: 7172211975899619569, guid: 72a80618a19fae24183e1e0aee257a50,
        type: 3}
      propertyPath: m_LocalEulerAnglesHint.x
      value: 0
      objectReference: {fileID: 0}
    - target: {fileID: 7172211975899619569, guid: 72a80618a19fae24183e1e0aee257a50,
        type: 3}
      propertyPath: m_LocalEulerAnglesHint.y
      value: 0
      objectReference: {fileID: 0}
    - target: {fileID: 7172211975899619569, guid: 72a80618a19fae24183e1e0aee257a50,
        type: 3}
      propertyPath: m_LocalEulerAnglesHint.z
      value: 0
      objectReference: {fileID: 0}
    - target: {fileID: 7172211975899619569, guid: 72a80618a19fae24183e1e0aee257a50,
        type: 3}
      propertyPath: m_LocalScale.x
      value: 0.20000002
      objectReference: {fileID: 0}
    - target: {fileID: 7172211975899619569, guid: 72a80618a19fae24183e1e0aee257a50,
        type: 3}
      propertyPath: m_LocalScale.y
      value: 0.2000001
      objectReference: {fileID: 0}
    - target: {fileID: 7172211975899619569, guid: 72a80618a19fae24183e1e0aee257a50,
        type: 3}
      propertyPath: m_LocalScale.z
      value: 0.20000009
      objectReference: {fileID: 0}
    - target: {fileID: 4159290567686916141, guid: 72a80618a19fae24183e1e0aee257a50,
        type: 3}
      propertyPath: playOnAwake
      value: 0
      objectReference: {fileID: 0}
    m_RemovedComponents: []
  m_SourcePrefab: {fileID: 100100000, guid: 72a80618a19fae24183e1e0aee257a50, type: 3}
--- !u!4 &8648520744579899342 stripped
Transform:
  m_CorrespondingSourceObject: {fileID: 7172211975899619569, guid: 72a80618a19fae24183e1e0aee257a50,
    type: 3}
  m_PrefabInstance: {fileID: 1985356266209591103}
  m_PrefabAsset: {fileID: 0}
--- !u!1001 &4318793404845889546
PrefabInstance:
  m_ObjectHideFlags: 0
  serializedVersion: 2
  m_Modification:
    m_TransformParent: {fileID: 6122857405306882517}
    m_Modifications:
    - target: {fileID: 5490168087277979791, guid: 224c4a4fe579a8a42a759f047f2b7ae4,
        type: 3}
      propertyPath: m_Name
      value: Bubble1
      objectReference: {fileID: 0}
    - target: {fileID: 5490168087277979791, guid: 224c4a4fe579a8a42a759f047f2b7ae4,
        type: 3}
      propertyPath: m_IsActive
      value: 1
      objectReference: {fileID: 0}
    - target: {fileID: 8460437298520025243, guid: 224c4a4fe579a8a42a759f047f2b7ae4,
        type: 3}
      propertyPath: m_LocalPosition.x
      value: 0
      objectReference: {fileID: 0}
    - target: {fileID: 8460437298520025243, guid: 224c4a4fe579a8a42a759f047f2b7ae4,
        type: 3}
      propertyPath: m_LocalPosition.y
      value: 0
      objectReference: {fileID: 0}
    - target: {fileID: 8460437298520025243, guid: 224c4a4fe579a8a42a759f047f2b7ae4,
        type: 3}
      propertyPath: m_LocalPosition.z
      value: 0
      objectReference: {fileID: 0}
    - target: {fileID: 8460437298520025243, guid: 224c4a4fe579a8a42a759f047f2b7ae4,
        type: 3}
      propertyPath: m_LocalRotation.x
      value: -0
      objectReference: {fileID: 0}
    - target: {fileID: 8460437298520025243, guid: 224c4a4fe579a8a42a759f047f2b7ae4,
        type: 3}
      propertyPath: m_LocalRotation.y
      value: -0
      objectReference: {fileID: 0}
    - target: {fileID: 8460437298520025243, guid: 224c4a4fe579a8a42a759f047f2b7ae4,
        type: 3}
      propertyPath: m_LocalRotation.z
      value: -0
      objectReference: {fileID: 0}
    - target: {fileID: 8460437298520025243, guid: 224c4a4fe579a8a42a759f047f2b7ae4,
        type: 3}
      propertyPath: m_LocalRotation.w
      value: 1
      objectReference: {fileID: 0}
    - target: {fileID: 8460437298520025243, guid: 224c4a4fe579a8a42a759f047f2b7ae4,
        type: 3}
      propertyPath: m_RootOrder
      value: 1
      objectReference: {fileID: 0}
    - target: {fileID: 8460437298520025243, guid: 224c4a4fe579a8a42a759f047f2b7ae4,
        type: 3}
      propertyPath: m_LocalEulerAnglesHint.x
      value: 0
      objectReference: {fileID: 0}
    - target: {fileID: 8460437298520025243, guid: 224c4a4fe579a8a42a759f047f2b7ae4,
        type: 3}
      propertyPath: m_LocalEulerAnglesHint.y
      value: 0
      objectReference: {fileID: 0}
    - target: {fileID: 8460437298520025243, guid: 224c4a4fe579a8a42a759f047f2b7ae4,
        type: 3}
      propertyPath: m_LocalEulerAnglesHint.z
      value: 0
      objectReference: {fileID: 0}
    - target: {fileID: 8460437298520025243, guid: 224c4a4fe579a8a42a759f047f2b7ae4,
        type: 3}
      propertyPath: m_LocalScale.x
      value: 0.20000002
      objectReference: {fileID: 0}
    - target: {fileID: 8460437298520025243, guid: 224c4a4fe579a8a42a759f047f2b7ae4,
        type: 3}
      propertyPath: m_LocalScale.y
      value: 0.2000001
      objectReference: {fileID: 0}
    - target: {fileID: 8460437298520025243, guid: 224c4a4fe579a8a42a759f047f2b7ae4,
        type: 3}
      propertyPath: m_LocalScale.z
      value: 0.20000009
      objectReference: {fileID: 0}
    - target: {fileID: 7945659300290773931, guid: 224c4a4fe579a8a42a759f047f2b7ae4,
        type: 3}
      propertyPath: playOnAwake
      value: 0
      objectReference: {fileID: 0}
    m_RemovedComponents: []
  m_SourcePrefab: {fileID: 100100000, guid: 224c4a4fe579a8a42a759f047f2b7ae4, type: 3}
--- !u!4 &5658470967889096849 stripped
Transform:
  m_CorrespondingSourceObject: {fileID: 8460437298520025243, guid: 224c4a4fe579a8a42a759f047f2b7ae4,
    type: 3}
  m_PrefabInstance: {fileID: 4318793404845889546}
  m_PrefabAsset: {fileID: 0}
--- !u!1001 &7389267231950624834
PrefabInstance:
  m_ObjectHideFlags: 0
  serializedVersion: 2
  m_Modification:
    m_TransformParent: {fileID: 6122857405306882517}
    m_Modifications:
    - target: {fileID: 5026208407982198323, guid: 739b5a915a24c9047be03afec5b9cc0d,
        type: 3}
      propertyPath: m_Name
      value: Bubble4
      objectReference: {fileID: 0}
    - target: {fileID: 5026208407982198323, guid: 739b5a915a24c9047be03afec5b9cc0d,
        type: 3}
      propertyPath: m_IsActive
      value: 1
      objectReference: {fileID: 0}
    - target: {fileID: 7655879133346687513, guid: 739b5a915a24c9047be03afec5b9cc0d,
        type: 3}
      propertyPath: m_LocalPosition.x
      value: 0
      objectReference: {fileID: 0}
    - target: {fileID: 7655879133346687513, guid: 739b5a915a24c9047be03afec5b9cc0d,
        type: 3}
      propertyPath: m_LocalPosition.y
      value: 0
      objectReference: {fileID: 0}
    - target: {fileID: 7655879133346687513, guid: 739b5a915a24c9047be03afec5b9cc0d,
        type: 3}
      propertyPath: m_LocalPosition.z
      value: 0
      objectReference: {fileID: 0}
    - target: {fileID: 7655879133346687513, guid: 739b5a915a24c9047be03afec5b9cc0d,
        type: 3}
      propertyPath: m_LocalRotation.x
      value: -0
      objectReference: {fileID: 0}
    - target: {fileID: 7655879133346687513, guid: 739b5a915a24c9047be03afec5b9cc0d,
        type: 3}
      propertyPath: m_LocalRotation.y
      value: -0
      objectReference: {fileID: 0}
    - target: {fileID: 7655879133346687513, guid: 739b5a915a24c9047be03afec5b9cc0d,
        type: 3}
      propertyPath: m_LocalRotation.z
      value: -0
      objectReference: {fileID: 0}
    - target: {fileID: 7655879133346687513, guid: 739b5a915a24c9047be03afec5b9cc0d,
        type: 3}
      propertyPath: m_LocalRotation.w
      value: 1
      objectReference: {fileID: 0}
    - target: {fileID: 7655879133346687513, guid: 739b5a915a24c9047be03afec5b9cc0d,
        type: 3}
      propertyPath: m_RootOrder
      value: 4
      objectReference: {fileID: 0}
    - target: {fileID: 7655879133346687513, guid: 739b5a915a24c9047be03afec5b9cc0d,
        type: 3}
      propertyPath: m_LocalEulerAnglesHint.x
      value: 0
      objectReference: {fileID: 0}
    - target: {fileID: 7655879133346687513, guid: 739b5a915a24c9047be03afec5b9cc0d,
        type: 3}
      propertyPath: m_LocalEulerAnglesHint.y
      value: 0
      objectReference: {fileID: 0}
    - target: {fileID: 7655879133346687513, guid: 739b5a915a24c9047be03afec5b9cc0d,
        type: 3}
      propertyPath: m_LocalEulerAnglesHint.z
      value: 0
      objectReference: {fileID: 0}
    - target: {fileID: 7655879133346687513, guid: 739b5a915a24c9047be03afec5b9cc0d,
        type: 3}
      propertyPath: m_LocalScale.x
      value: 0.20000002
      objectReference: {fileID: 0}
    - target: {fileID: 7655879133346687513, guid: 739b5a915a24c9047be03afec5b9cc0d,
        type: 3}
      propertyPath: m_LocalScale.y
      value: 0.2000001
      objectReference: {fileID: 0}
    - target: {fileID: 7655879133346687513, guid: 739b5a915a24c9047be03afec5b9cc0d,
        type: 3}
      propertyPath: m_LocalScale.z
      value: 0.20000009
      objectReference: {fileID: 0}
    - target: {fileID: 1848462709294643186, guid: 739b5a915a24c9047be03afec5b9cc0d,
        type: 3}
      propertyPath: playOnAwake
      value: 0
      objectReference: {fileID: 0}
    m_RemovedComponents: []
  m_SourcePrefab: {fileID: 100100000, guid: 739b5a915a24c9047be03afec5b9cc0d, type: 3}
--- !u!4 &915592915725431387 stripped
Transform:
  m_CorrespondingSourceObject: {fileID: 7655879133346687513, guid: 739b5a915a24c9047be03afec5b9cc0d,
    type: 3}
  m_PrefabInstance: {fileID: 7389267231950624834}
  m_PrefabAsset: {fileID: 0}
