%YAML 1.1
%TAG !u! tag:unity3d.com,2011:
--- !u!1 &36862884734415231
GameObject:
  m_ObjectHideFlags: 0
  m_CorrespondingSourceObject: {fileID: 0}
  m_PrefabInstance: {fileID: 0}
  m_PrefabAsset: {fileID: 0}
  serializedVersion: 6
  m_Component:
  - component: {fileID: 1415693183023654649}
  - component: {fileID: 1310599154963452812}
  m_Layer: 8
  m_Name: Option
  m_TagString: Untagged
  m_Icon: {fileID: 0}
  m_NavMeshLayer: 0
  m_StaticEditorFlags: 0
  m_IsActive: 1
--- !u!4 &1415693183023654649
Transform:
  m_ObjectHideFlags: 0
  m_CorrespondingSourceObject: {fileID: 0}
  m_PrefabInstance: {fileID: 0}
  m_PrefabAsset: {fileID: 0}
  m_GameObject: {fileID: 36862884734415231}
  m_LocalRotation: {x: -0, y: -0, z: -0, w: 1}
  m_LocalPosition: {x: 0, y: 0, z: 0}
  m_LocalScale: {x: 1, y: 1, z: 1}
  m_ConstrainProportionsScale: 0
  m_Children: []
  m_Father: {fileID: 5755484115503601083}
  m_RootOrder: -1
  m_LocalEulerAnglesHint: {x: 0, y: 0, z: 0}
--- !u!114 &1310599154963452812
MonoBehaviour:
  m_ObjectHideFlags: 0
  m_CorrespondingSourceObject: {fileID: 0}
  m_PrefabInstance: {fileID: 0}
  m_PrefabAsset: {fileID: 0}
  m_GameObject: {fileID: 36862884734415231}
  m_Enabled: 0
  m_EditorHideFlags: 0
  m_Script: {fileID: 11500000, guid: 552fb6fa4deaccb46ba7fa59819fc06a, type: 3}
  m_Name: 
  m_EditorClassIdentifier: 
  special: 0
  objects:
  - {fileID: 114986966024178736, guid: ab37bdefbae5a66439cc1215a71ecb11, type: 3}
  - {fileID: 2647852329520218456, guid: 8d4f907bba59f6e42b73731e08670013, type: 3}
  - {fileID: 2647852329520218456, guid: 8d4f907bba59f6e42b73731e08670013, type: 3}
  - {fileID: 2647852329520218456, guid: 8d4f907bba59f6e42b73731e08670013, type: 3}
  - {fileID: 2647852329520218456, guid: 8d4f907bba59f6e42b73731e08670013, type: 3}
  - {fileID: 2647852329520218456, guid: 8d4f907bba59f6e42b73731e08670013, type: 3}
  - {fileID: 2647852329520218456, guid: 8d4f907bba59f6e42b73731e08670013, type: 3}
  - {fileID: 2647852329520218456, guid: 8d4f907bba59f6e42b73731e08670013, type: 3}
  - {fileID: 2647852329520218456, guid: 8d4f907bba59f6e42b73731e08670013, type: 3}
  - {fileID: 2647852329520218456, guid: 8d4f907bba59f6e42b73731e08670013, type: 3}
  - {fileID: 2647852329520218456, guid: 8d4f907bba59f6e42b73731e08670013, type: 3}
  - {fileID: 2647852329520218456, guid: 8d4f907bba59f6e42b73731e08670013, type: 3}
  - {fileID: 2647852329520218456, guid: 8d4f907bba59f6e42b73731e08670013, type: 3}
  - {fileID: 2647852329520218456, guid: 8d4f907bba59f6e42b73731e08670013, type: 3}
  - {fileID: 2647852329520218456, guid: 8d4f907bba59f6e42b73731e08670013, type: 3}
  - {fileID: 2647852329520218456, guid: 8d4f907bba59f6e42b73731e08670013, type: 3}
  - {fileID: 2647852329520218456, guid: 8d4f907bba59f6e42b73731e08670013, type: 3}
  - {fileID: 2647852329520218456, guid: 8d4f907bba59f6e42b73731e08670013, type: 3}
  - {fileID: 2647852329520218456, guid: 8d4f907bba59f6e42b73731e08670013, type: 3}
  - {fileID: 2647852329520218456, guid: 8d4f907bba59f6e42b73731e08670013, type: 3}
  - {fileID: 2647852329520218456, guid: 8d4f907bba59f6e42b73731e08670013, type: 3}
  - {fileID: 2647852329520218456, guid: 8d4f907bba59f6e42b73731e08670013, type: 3}
  - {fileID: 2647852329520218456, guid: 8d4f907bba59f6e42b73731e08670013, type: 3}
  - {fileID: 2647852329520218456, guid: 8d4f907bba59f6e42b73731e08670013, type: 3}
  - {fileID: 2647852329520218456, guid: 8d4f907bba59f6e42b73731e08670013, type: 3}
  - {fileID: 2647852329520218456, guid: 8d4f907bba59f6e42b73731e08670013, type: 3}
  - {fileID: 2647852329520218456, guid: 8d4f907bba59f6e42b73731e08670013, type: 3}
  - {fileID: 2647852329520218456, guid: 8d4f907bba59f6e42b73731e08670013, type: 3}
  - {fileID: 2647852329520218456, guid: 8d4f907bba59f6e42b73731e08670013, type: 3}
  - {fileID: 2647852329520218456, guid: 8d4f907bba59f6e42b73731e08670013, type: 3}
  objectSizeX:
    serializedVersion: 2
    m_Curve:
    - serializedVersion: 3
      time: 0
      value: 0.05
      inSlope: 0
      outSlope: 0
      tangentMode: 0
      weightedMode: 3
      inWeight: 0
      outWeight: 0
    - serializedVersion: 3
      time: 1
      value: 0.06
      inSlope: 0
      outSlope: 0
      tangentMode: 0
      weightedMode: 3
      inWeight: 0
      outWeight: 0
    m_PreInfinity: 2
    m_PostInfinity: 2
    m_RotationOrder: 4
  objectSizeY:
    serializedVersion: 2
    m_Curve:
    - serializedVersion: 3
      time: 0
      value: 0.05
      inSlope: 0
      outSlope: 0
      tangentMode: 0
      weightedMode: 3
      inWeight: 0
      outWeight: 0
    - serializedVersion: 3
      time: 1
      value: 0.06
      inSlope: 0
      outSlope: 0
      tangentMode: 0
      weightedMode: 3
      inWeight: 0
      outWeight: 0
    m_PreInfinity: 2
    m_PostInfinity: 2
    m_RotationOrder: 4
  objectSizeZ:
    serializedVersion: 2
    m_Curve:
    - serializedVersion: 3
      time: 0
      value: 0.05
      inSlope: 0
      outSlope: 0
      tangentMode: 0
      weightedMode: 3
      inWeight: 0
      outWeight: 0
    - serializedVersion: 3
      time: 1
      value: 0.06
      inSlope: 0
      outSlope: 0
      tangentMode: 0
      weightedMode: 3
      inWeight: 0
      outWeight: 0
    m_PreInfinity: 2
    m_PostInfinity: 2
    m_RotationOrder: 4
  rotationX:
    serializedVersion: 2
    m_Curve:
    - serializedVersion: 3
      time: 0
      value: 0
      inSlope: 0
      outSlope: 0
      tangentMode: 0
      weightedMode: 3
      inWeight: 0
      outWeight: 0
    - serializedVersion: 3
      time: 1
      value: 0
      inSlope: 0
      outSlope: 0
      tangentMode: 0
      weightedMode: 3
      inWeight: 0
      outWeight: 0
    m_PreInfinity: 2
    m_PostInfinity: 2
    m_RotationOrder: 4
  rotationY:
    serializedVersion: 2
    m_Curve:
    - serializedVersion: 3
      time: 0
      value: 0
      inSlope: 0
      outSlope: 0
      tangentMode: 0
      weightedMode: 3
      inWeight: 0
      outWeight: 0
    - serializedVersion: 3
      time: 1
      value: 0
      inSlope: 0
      outSlope: 0
      tangentMode: 0
      weightedMode: 3
      inWeight: 0
      outWeight: 0
    m_PreInfinity: 2
    m_PostInfinity: 2
    m_RotationOrder: 4
  rotationZ:
    serializedVersion: 2
    m_Curve:
    - serializedVersion: 3
      time: 0
      value: 0
      inSlope: 0
      outSlope: 0
      tangentMode: 0
      weightedMode: 3
      inWeight: 0
      outWeight: 0
    - serializedVersion: 3
      time: 1
      value: 360
      inSlope: 0
      outSlope: 0
      tangentMode: 0
      weightedMode: 3
      inWeight: 0
      outWeight: 0
    m_PreInfinity: 2
    m_PostInfinity: 2
    m_RotationOrder: 4
  color:
    serializedVersion: 2
    key0: {r: 1, g: 0.07843137, b: 0.46137494, a: 1}
    key1: {r: 1, g: 0.07843137, b: 0.46137494, a: 1}
    key2: {r: 1, g: 0.07843137, b: 0.46137494, a: 0}
    key3: {r: 1, g: 0.07843137, b: 0.46137494, a: 0}
    key4: {r: 1, g: 0.07843137, b: 0.46137494, a: 0}
    key5: {r: 1, g: 0.8209606, b: 0.07843137, a: 0}
    key6: {r: 1, g: 0.8209606, b: 0.07843137, a: 0}
    key7: {r: 0, g: 0, b: 0, a: 0}
    ctime0: 0
    ctime1: 65535
    ctime2: 57054
    ctime3: 57054
    ctime4: 57054
    ctime5: 64571
    ctime6: 64571
    ctime7: 0
    atime0: 0
    atime1: 65535
    atime2: 0
    atime3: 0
    atime4: 0
    atime5: 0
    atime6: 0
    atime7: 0
    m_Mode: 0
    m_NumColorKeys: 2
    m_NumAlphaKeys: 2
  spacing: 0.1
  radius: 0.4
  count: 2
  sprinklePreviewType: 0
--- !u!1 &500627391846421776
GameObject:
  m_ObjectHideFlags: 0
  m_CorrespondingSourceObject: {fileID: 0}
  m_PrefabInstance: {fileID: 0}
  m_PrefabAsset: {fileID: 0}
  serializedVersion: 6
  m_Component:
  - component: {fileID: 1742019353971516658}
  - component: {fileID: 7177763709803920870}
  m_Layer: 0
  m_Name: Multi_Bee_03
  m_TagString: Untagged
  m_Icon: {fileID: 0}
  m_NavMeshLayer: 0
  m_StaticEditorFlags: 0
  m_IsActive: 1
--- !u!4 &1742019353971516658
Transform:
  m_ObjectHideFlags: 0
  m_CorrespondingSourceObject: {fileID: 0}
  m_PrefabInstance: {fileID: 0}
  m_PrefabAsset: {fileID: 0}
  m_GameObject: {fileID: 500627391846421776}
  m_LocalRotation: {x: 0, y: 0, z: 0, w: 1}
  m_LocalPosition: {x: 0, y: 0, z: 0}
  m_LocalScale: {x: 1, y: 1, z: 1}
  m_ConstrainProportionsScale: 0
  m_Children:
  - {fileID: 8452655627659827244}
  - {fileID: 5808304877870967708}
  m_Father: {fileID: 0}
  m_RootOrder: 2
  m_LocalEulerAnglesHint: {x: 0, y: 0, z: 0}
--- !u!114 &7177763709803920870
MonoBehaviour:
  m_ObjectHideFlags: 0
  m_CorrespondingSourceObject: {fileID: 0}
  m_PrefabInstance: {fileID: 0}
  m_PrefabAsset: {fileID: 0}
  m_GameObject: {fileID: 500627391846421776}
  m_Enabled: 1
  m_EditorHideFlags: 0
  m_Script: {fileID: 11500000, guid: f522867c3f9eb3e4bb325c968c25314e, type: 3}
  m_Name: 
  m_EditorClassIdentifier: 
  layers:
  - {fileID: 2219708738129272545}
  - {fileID: 4259031232273362257}
  backgroundColor: {r: 0.94509804, g: 0.88235295, b: 0.5568628, a: 1}
  glitterStroke: 0
  glitterCake: 0
  newPreview: 1
  strokeRate: 0.5
  sprinkleRate: 0.5
  diskColor: {r: 0.8862745, g: 0.6745098, b: 0.78039217, a: 1}
  type: 0
  previewCameraTransform: {fileID: 0}
  previewCameraSize: 2
  finishCameraTransform: {fileID: 0}
  previewScale: 1
  specialStroke: 0
  specialFill: 0
--- !u!1 &1419429422251904073
GameObject:
  m_ObjectHideFlags: 0
  m_CorrespondingSourceObject: {fileID: 0}
  m_PrefabInstance: {fileID: 0}
  m_PrefabAsset: {fileID: 0}
  serializedVersion: 6
  m_Component:
  - component: {fileID: 3828183391637731542}
  - component: {fileID: 2032907853916107623}
  m_Layer: 8
  m_Name: Option
  m_TagString: Untagged
  m_Icon: {fileID: 0}
  m_NavMeshLayer: 0
  m_StaticEditorFlags: 0
  m_IsActive: 1
--- !u!4 &3828183391637731542
Transform:
  m_ObjectHideFlags: 0
  m_CorrespondingSourceObject: {fileID: 0}
  m_PrefabInstance: {fileID: 0}
  m_PrefabAsset: {fileID: 0}
  m_GameObject: {fileID: 1419429422251904073}
  m_LocalRotation: {x: -0, y: -0, z: -0, w: 1}
  m_LocalPosition: {x: 0, y: 0, z: 0}
  m_LocalScale: {x: 1, y: 1, z: 1}
  m_ConstrainProportionsScale: 0
  m_Children: []
  m_Father: {fileID: 5755484115503601083}
  m_RootOrder: -1
  m_LocalEulerAnglesHint: {x: 0, y: 0, z: 0}
--- !u!114 &2032907853916107623
MonoBehaviour:
  m_ObjectHideFlags: 0
  m_CorrespondingSourceObject: {fileID: 0}
  m_PrefabInstance: {fileID: 0}
  m_PrefabAsset: {fileID: 0}
  m_GameObject: {fileID: 1419429422251904073}
  m_Enabled: 0
  m_EditorHideFlags: 0
  m_Script: {fileID: 11500000, guid: 552fb6fa4deaccb46ba7fa59819fc06a, type: 3}
  m_Name: 
  m_EditorClassIdentifier: 
  special: 0
  objects:
  - {fileID: 114986966024178736, guid: ab37bdefbae5a66439cc1215a71ecb11, type: 3}
  - {fileID: 2647852329520218456, guid: 8d4f907bba59f6e42b73731e08670013, type: 3}
  - {fileID: 2647852329520218456, guid: 8d4f907bba59f6e42b73731e08670013, type: 3}
  - {fileID: 2647852329520218456, guid: 8d4f907bba59f6e42b73731e08670013, type: 3}
  - {fileID: 2647852329520218456, guid: 8d4f907bba59f6e42b73731e08670013, type: 3}
  - {fileID: 2647852329520218456, guid: 8d4f907bba59f6e42b73731e08670013, type: 3}
  - {fileID: 2647852329520218456, guid: 8d4f907bba59f6e42b73731e08670013, type: 3}
  - {fileID: 2647852329520218456, guid: 8d4f907bba59f6e42b73731e08670013, type: 3}
  - {fileID: 2647852329520218456, guid: 8d4f907bba59f6e42b73731e08670013, type: 3}
  - {fileID: 2647852329520218456, guid: 8d4f907bba59f6e42b73731e08670013, type: 3}
  - {fileID: 2647852329520218456, guid: 8d4f907bba59f6e42b73731e08670013, type: 3}
  - {fileID: 2647852329520218456, guid: 8d4f907bba59f6e42b73731e08670013, type: 3}
  - {fileID: 2647852329520218456, guid: 8d4f907bba59f6e42b73731e08670013, type: 3}
  - {fileID: 2647852329520218456, guid: 8d4f907bba59f6e42b73731e08670013, type: 3}
  - {fileID: 2647852329520218456, guid: 8d4f907bba59f6e42b73731e08670013, type: 3}
  - {fileID: 2647852329520218456, guid: 8d4f907bba59f6e42b73731e08670013, type: 3}
  - {fileID: 2647852329520218456, guid: 8d4f907bba59f6e42b73731e08670013, type: 3}
  - {fileID: 2647852329520218456, guid: 8d4f907bba59f6e42b73731e08670013, type: 3}
  - {fileID: 2647852329520218456, guid: 8d4f907bba59f6e42b73731e08670013, type: 3}
  - {fileID: 2647852329520218456, guid: 8d4f907bba59f6e42b73731e08670013, type: 3}
  - {fileID: 2647852329520218456, guid: 8d4f907bba59f6e42b73731e08670013, type: 3}
  - {fileID: 2647852329520218456, guid: 8d4f907bba59f6e42b73731e08670013, type: 3}
  - {fileID: 2647852329520218456, guid: 8d4f907bba59f6e42b73731e08670013, type: 3}
  - {fileID: 2647852329520218456, guid: 8d4f907bba59f6e42b73731e08670013, type: 3}
  - {fileID: 2647852329520218456, guid: 8d4f907bba59f6e42b73731e08670013, type: 3}
  - {fileID: 2647852329520218456, guid: 8d4f907bba59f6e42b73731e08670013, type: 3}
  - {fileID: 2647852329520218456, guid: 8d4f907bba59f6e42b73731e08670013, type: 3}
  - {fileID: 2647852329520218456, guid: 8d4f907bba59f6e42b73731e08670013, type: 3}
  - {fileID: 2647852329520218456, guid: 8d4f907bba59f6e42b73731e08670013, type: 3}
  - {fileID: 2647852329520218456, guid: 8d4f907bba59f6e42b73731e08670013, type: 3}
  objectSizeX:
    serializedVersion: 2
    m_Curve:
    - serializedVersion: 3
      time: 0
      value: 0.05
      inSlope: 0
      outSlope: 0
      tangentMode: 0
      weightedMode: 3
      inWeight: 0
      outWeight: 0
    - serializedVersion: 3
      time: 1
      value: 0.06
      inSlope: 0
      outSlope: 0
      tangentMode: 0
      weightedMode: 3
      inWeight: 0
      outWeight: 0
    m_PreInfinity: 2
    m_PostInfinity: 2
    m_RotationOrder: 4
  objectSizeY:
    serializedVersion: 2
    m_Curve:
    - serializedVersion: 3
      time: 0
      value: 0.05
      inSlope: 0
      outSlope: 0
      tangentMode: 0
      weightedMode: 3
      inWeight: 0
      outWeight: 0
    - serializedVersion: 3
      time: 1
      value: 0.06
      inSlope: 0
      outSlope: 0
      tangentMode: 0
      weightedMode: 3
      inWeight: 0
      outWeight: 0
    m_PreInfinity: 2
    m_PostInfinity: 2
    m_RotationOrder: 4
  objectSizeZ:
    serializedVersion: 2
    m_Curve:
    - serializedVersion: 3
      time: 0
      value: 0.05
      inSlope: 0
      outSlope: 0
      tangentMode: 0
      weightedMode: 3
      inWeight: 0
      outWeight: 0
    - serializedVersion: 3
      time: 1
      value: 0.06
      inSlope: 0
      outSlope: 0
      tangentMode: 0
      weightedMode: 3
      inWeight: 0
      outWeight: 0
    m_PreInfinity: 2
    m_PostInfinity: 2
    m_RotationOrder: 4
  rotationX:
    serializedVersion: 2
    m_Curve:
    - serializedVersion: 3
      time: 0
      value: 0
      inSlope: 0
      outSlope: 0
      tangentMode: 0
      weightedMode: 3
      inWeight: 0
      outWeight: 0
    - serializedVersion: 3
      time: 1
      value: 0
      inSlope: 0
      outSlope: 0
      tangentMode: 0
      weightedMode: 3
      inWeight: 0
      outWeight: 0
    m_PreInfinity: 2
    m_PostInfinity: 2
    m_RotationOrder: 4
  rotationY:
    serializedVersion: 2
    m_Curve:
    - serializedVersion: 3
      time: 0
      value: 0
      inSlope: 0
      outSlope: 0
      tangentMode: 0
      weightedMode: 3
      inWeight: 0
      outWeight: 0
    - serializedVersion: 3
      time: 1
      value: 0
      inSlope: 0
      outSlope: 0
      tangentMode: 0
      weightedMode: 3
      inWeight: 0
      outWeight: 0
    m_PreInfinity: 2
    m_PostInfinity: 2
    m_RotationOrder: 4
  rotationZ:
    serializedVersion: 2
    m_Curve:
    - serializedVersion: 3
      time: 0
      value: 0
      inSlope: 0
      outSlope: 0
      tangentMode: 0
      weightedMode: 3
      inWeight: 0
      outWeight: 0
    - serializedVersion: 3
      time: 1
      value: 360
      inSlope: 0
      outSlope: 0
      tangentMode: 0
      weightedMode: 3
      inWeight: 0
      outWeight: 0
    m_PreInfinity: 2
    m_PostInfinity: 2
    m_RotationOrder: 4
  color:
    serializedVersion: 2
    key0: {r: 0.07843137, g: 0.4779123, b: 1, a: 1}
    key1: {r: 0.07843137, g: 0.4779123, b: 1, a: 1}
    key2: {r: 1, g: 0.8209606, b: 0.07843137, a: 0}
    key3: {r: 1, g: 0.8209606, b: 0.07843137, a: 0}
    key4: {r: 1, g: 0.8209606, b: 0.07843137, a: 0}
    key5: {r: 1, g: 0.8209606, b: 0.07843137, a: 0}
    key6: {r: 1, g: 0.8209606, b: 0.07843137, a: 0}
    key7: {r: 0, g: 0, b: 0, a: 0}
    ctime0: 0
    ctime1: 65535
    ctime2: 64571
    ctime3: 64571
    ctime4: 64571
    ctime5: 64571
    ctime6: 64571
    ctime7: 0
    atime0: 0
    atime1: 65535
    atime2: 0
    atime3: 0
    atime4: 0
    atime5: 0
    atime6: 0
    atime7: 0
    m_Mode: 0
    m_NumColorKeys: 2
    m_NumAlphaKeys: 2
  spacing: 0.1
  radius: 0.4
  count: 2
  sprinklePreviewType: 0
--- !u!1 &1852602124274360233
GameObject:
  m_ObjectHideFlags: 0
  m_CorrespondingSourceObject: {fileID: 0}
  m_PrefabInstance: {fileID: 0}
  m_PrefabAsset: {fileID: 0}
  serializedVersion: 6
  m_Component:
  - component: {fileID: 7149012894660046589}
  - component: {fileID: 8609429465703850922}
  - component: {fileID: 3333663864819797868}
  - component: {fileID: 9136400658396507645}
  m_Layer: 8
  m_Name: Stroke Manual 0_003
  m_TagString: Untagged
  m_Icon: {fileID: 0}
  m_NavMeshLayer: 0
  m_StaticEditorFlags: 0
  m_IsActive: 1
--- !u!4 &7149012894660046589
Transform:
  m_ObjectHideFlags: 0
  m_CorrespondingSourceObject: {fileID: 0}
  m_PrefabInstance: {fileID: 0}
  m_PrefabAsset: {fileID: 0}
  m_GameObject: {fileID: 1852602124274360233}
  m_LocalRotation: {x: 0.7071068, y: -0, z: -0, w: 0.7071068}
  m_LocalPosition: {x: 1.8997225, y: -0.06, z: 2.4416232}
  m_LocalScale: {x: 0.5174343, y: 0.51743436, z: 0.37279615}
  m_ConstrainProportionsScale: 0
  m_Children: []
  m_Father: {fileID: 3004719518758421822}
  m_RootOrder: -1
  m_LocalEulerAnglesHint: {x: 0, y: 0, z: 0}
--- !u!114 &8609429465703850922
MonoBehaviour:
  m_ObjectHideFlags: 0
  m_CorrespondingSourceObject: {fileID: 0}
  m_PrefabInstance: {fileID: 0}
  m_PrefabAsset: {fileID: 0}
  m_GameObject: {fileID: 1852602124274360233}
  m_Enabled: 1
  m_EditorHideFlags: 0
  m_Script: {fileID: 11500000, guid: 5120595cb07379d488e526d799bc1e6d, type: 3}
  m_Name: 
  m_EditorClassIdentifier: 
  path: {fileID: 9136400658396507645}
  sections:
  - weight: 1
    colors: 00000000
  options:
  - colors:
    - {r: 0.99215686, g: 1, b: 0, a: 1}
  - colors:
    - {r: 1, g: 1, b: 1, a: 1}
  - colors:
    - {r: 0.33333334, g: 0.74509805, b: 0.9490197, a: 1}
  - colors:
    - {r: 0.5993331, g: 0.399, b: 1, a: 1}
  - colors:
    - {r: 0.99215686, g: 0.8039216, b: 0, a: 1}
  brush: {fileID: 3333663864819797868}
  material: {fileID: 2100000, guid: 108036d14a7415f4b95df06c69a79ceb, type: 2}
--- !u!114 &3333663864819797868
MonoBehaviour:
  m_ObjectHideFlags: 0
  m_CorrespondingSourceObject: {fileID: 0}
  m_PrefabInstance: {fileID: 0}
  m_PrefabAsset: {fileID: 0}
  m_GameObject: {fileID: 1852602124274360233}
  m_Enabled: 1
  m_EditorHideFlags: 0
  m_Script: {fileID: 11500000, guid: f6202143f93329f4596fcd4f38f4496e, type: 3}
  m_Name: 
  m_EditorClassIdentifier: 
  tip: {fileID: 4760252478746094373, guid: 0499a74804bbbed4083ca126c34374b8, type: 3}
  size:
    serializedVersion: 2
    m_Curve:
    - serializedVersion: 3
      time: 0.009342194
      value: 0.10184021
      inSlope: 0
      outSlope: 0
      tangentMode: 0
      weightedMode: 3
      inWeight: 0
      outWeight: 0
    - serializedVersion: 3
      time: 1.0077515
      value: 0.10089417
      inSlope: 0
      outSlope: 0
      tangentMode: 0
      weightedMode: 3
      inWeight: 0
      outWeight: 0
    m_PreInfinity: 2
    m_PostInfinity: 2
    m_RotationOrder: 4
  twist: 0
--- !u!114 &9136400658396507645
MonoBehaviour:
  m_ObjectHideFlags: 0
  m_CorrespondingSourceObject: {fileID: 0}
  m_PrefabInstance: {fileID: 0}
  m_PrefabAsset: {fileID: 0}
  m_GameObject: {fileID: 1852602124274360233}
  m_Enabled: 1
  m_EditorHideFlags: 0
  m_Script: {fileID: 11500000, guid: c25f2c3c6d52ab744a70ac080b3e3958, type: 3}
  m_Name: 
  m_EditorClassIdentifier: 
  svgPoints:
  - x: -1.4698550735694775
    y: 0.4820289750030075
  - x: -1.5
    y: 0.4599999897721885
  - x: -1.2826087011807208
    y: 0.21478260703708815
  - x: -1.3597101460332457
    y: 0.024057960510253905
  - x: -1.393913045136825
    y: -0.06000001050423885
  - x: -1.4727536242941153
    y: -0.10231884666111159
  - x: -1.4582608706709268
    y: -0.12666667717090552
  - x: -1.437971015598463
    y: -0.16086957627448484
  - x: -1.2953623177348703
    y: -0.05594204059545545
  - x: -1.156811595308608
    y: -0.0976811699245287
  - x: -0.982898551830347
    y: -0.1504347953243532
  - x: -0.9179710111756256
    y: -0.39739131927490234
  - x: -0.8959420300912166
    y: -0.3875362423882968
  - x: -0.8750724654266799
    y: -0.3782608799312426
  - x: -0.9973913054535355
    y: -0.1869565410890441
  - x: -0.9539130445839702
    y: 0.024057960510253905
  - x: -0.9179710167041724
    y: 0.19797100398851478
  - x: -0.78753622856693
    y: 0.29478260261425077
  - x: -0.8153623221577078
    y: 0.32724636188451794
  - x: -0.8437681170477384
    y: 0.3597100990405981
  - x: -0.9597101460332456
    y: 0.2373912230781887
  - x: -1.1162318851636803
    y: 0.25014491703199304
  - x: -1.3168116306913071
    y: 0.2663767303245655
  - x: -1.4431883715201115
    y: 0.5017390845478444
  - x: -1.4698550735694775
    y: 0.4820289750030075
  - x: 0
    y: 0
  - x: 0
    y: 0
  svgCommands: 010000000400000004000000040000000400000004000000040000000400000004000000040000000400000004000000040000000400000004000000040000000400000004000000040000000400000004000000040000000400000004000000040000004f00000000000000
  reverse: 0
  offset: 0
--- !u!1 &2614349868550985972
GameObject:
  m_ObjectHideFlags: 0
  m_CorrespondingSourceObject: {fileID: 0}
  m_PrefabInstance: {fileID: 0}
  m_PrefabAsset: {fileID: 0}
  serializedVersion: 6
  m_Component:
  - component: {fileID: 1075297898856541544}
  - component: {fileID: 1006461922533656379}
  - component: {fileID: 6007151841111309803}
  - component: {fileID: 98131316801836134}
  m_Layer: 8
  m_Name: Stroke Manual 0_002
  m_TagString: Untagged
  m_Icon: {fileID: 0}
  m_NavMeshLayer: 0
  m_StaticEditorFlags: 0
  m_IsActive: 1
--- !u!4 &1075297898856541544
Transform:
  m_ObjectHideFlags: 0
  m_CorrespondingSourceObject: {fileID: 0}
  m_PrefabInstance: {fileID: 0}
  m_PrefabAsset: {fileID: 0}
  m_GameObject: {fileID: 2614349868550985972}
  m_LocalRotation: {x: 0.7071068, y: -0, z: -0, w: 0.7071068}
  m_LocalPosition: {x: 0.36, y: 0.06, z: 3.11}
  m_LocalScale: {x: 0.51743436, y: 0.5174344, z: 0.3727962}
  m_ConstrainProportionsScale: 0
  m_Children: []
  m_Father: {fileID: 3004719518758421822}
  m_RootOrder: -1
  m_LocalEulerAnglesHint: {x: 0, y: 0, z: 0}
--- !u!114 &1006461922533656379
MonoBehaviour:
  m_ObjectHideFlags: 0
  m_CorrespondingSourceObject: {fileID: 0}
  m_PrefabInstance: {fileID: 0}
  m_PrefabAsset: {fileID: 0}
  m_GameObject: {fileID: 2614349868550985972}
  m_Enabled: 1
  m_EditorHideFlags: 0
  m_Script: {fileID: 11500000, guid: 5120595cb07379d488e526d799bc1e6d, type: 3}
  m_Name: 
  m_EditorClassIdentifier: 
  path: {fileID: 98131316801836134}
  sections:
  - weight: 1
    colors: 00000000
  options:
  - colors:
    - {r: 1, g: 1, b: 1, a: 1}
  - colors:
    - {r: 0.986, g: 0.28298193, b: 0.3266477, a: 1}
  - colors:
    - {r: 0.33333334, g: 0.74509805, b: 0.9490197, a: 1}
  - colors:
    - {r: 0.5993331, g: 0.399, b: 1, a: 1}
  - colors:
    - {r: 0.99215686, g: 0.8039216, b: 0, a: 1}
  brush: {fileID: 6007151841111309803}
  material: {fileID: 2100000, guid: 108036d14a7415f4b95df06c69a79ceb, type: 2}
--- !u!114 &6007151841111309803
MonoBehaviour:
  m_ObjectHideFlags: 0
  m_CorrespondingSourceObject: {fileID: 0}
  m_PrefabInstance: {fileID: 0}
  m_PrefabAsset: {fileID: 0}
  m_GameObject: {fileID: 2614349868550985972}
  m_Enabled: 1
  m_EditorHideFlags: 0
  m_Script: {fileID: 11500000, guid: f6202143f93329f4596fcd4f38f4496e, type: 3}
  m_Name: 
  m_EditorClassIdentifier: 
  tip: {fileID: 4760252478746094373, guid: 0499a74804bbbed4083ca126c34374b8, type: 3}
  size:
    serializedVersion: 2
    m_Curve:
    - serializedVersion: 3
      time: 0.009342194
      value: 0.10184021
      inSlope: 0
      outSlope: 0
      tangentMode: 0
      weightedMode: 3
      inWeight: 0
      outWeight: 0
    - serializedVersion: 3
      time: 1.0077515
      value: 0.10089417
      inSlope: 0
      outSlope: 0
      tangentMode: 0
      weightedMode: 3
      inWeight: 0
      outWeight: 0
    m_PreInfinity: 2
    m_PostInfinity: 2
    m_RotationOrder: 4
  twist: 0
--- !u!114 &98131316801836134
MonoBehaviour:
  m_ObjectHideFlags: 0
  m_CorrespondingSourceObject: {fileID: 0}
  m_PrefabInstance: {fileID: 0}
  m_PrefabAsset: {fileID: 0}
  m_GameObject: {fileID: 2614349868550985972}
  m_Enabled: 1
  m_EditorHideFlags: 0
  m_Script: {fileID: 11500000, guid: c25f2c3c6d52ab744a70ac080b3e3958, type: 3}
  m_Name: 
  m_EditorClassIdentifier: 
  svgPoints:
  - x: -1.4698550735694775
    y: 0.4820289750030075
  - x: -1.5
    y: 0.4599999897721885
  - x: -1.2826087011807208
    y: 0.21478260703708815
  - x: -1.3597101460332457
    y: 0.024057960510253905
  - x: -1.393913045136825
    y: -0.06000001050423885
  - x: -1.4727536242941153
    y: -0.10231884666111159
  - x: -1.4582608706709268
    y: -0.12666667717090552
  - x: -1.437971015598463
    y: -0.16086957627448484
  - x: -1.2953623177348703
    y: -0.05594204059545545
  - x: -1.156811595308608
    y: -0.0976811699245287
  - x: -0.982898551830347
    y: -0.1504347953243532
  - x: -0.9179710111756256
    y: -0.39739131927490234
  - x: -0.8959420300912166
    y: -0.3875362423882968
  - x: -0.8750724654266799
    y: -0.3782608799312426
  - x: -0.9973913054535355
    y: -0.1869565410890441
  - x: -0.9539130445839702
    y: 0.024057960510253905
  - x: -0.9179710167041724
    y: 0.19797100398851478
  - x: -0.78753622856693
    y: 0.29478260261425077
  - x: -0.8153623221577078
    y: 0.32724636188451794
  - x: -0.8437681170477384
    y: 0.3597100990405981
  - x: -0.9597101460332456
    y: 0.2373912230781887
  - x: -1.1162318851636803
    y: 0.25014491703199304
  - x: -1.3168116306913071
    y: 0.2663767303245655
  - x: -1.4431883715201115
    y: 0.5017390845478444
  - x: -1.4698550735694775
    y: 0.4820289750030075
  - x: 0
    y: 0
  - x: 0
    y: 0
  svgCommands: 010000000400000004000000040000000400000004000000040000000400000004000000040000000400000004000000040000000400000004000000040000000400000004000000040000000400000004000000040000000400000004000000040000004f00000000000000
  reverse: 0
  offset: 0
--- !u!1 &3123171801853242048
GameObject:
  m_ObjectHideFlags: 0
  m_CorrespondingSourceObject: {fileID: 0}
  m_PrefabInstance: {fileID: 0}
  m_PrefabAsset: {fileID: 0}
  serializedVersion: 6
  m_Component:
  - component: {fileID: 8310555996430601699}
  - component: {fileID: 5989153551588897637}
  m_Layer: 8
  m_Name: Option
  m_TagString: Untagged
  m_Icon: {fileID: 0}
  m_NavMeshLayer: 0
  m_StaticEditorFlags: 0
  m_IsActive: 1
--- !u!4 &8310555996430601699
Transform:
  m_ObjectHideFlags: 0
  m_CorrespondingSourceObject: {fileID: 0}
  m_PrefabInstance: {fileID: 0}
  m_PrefabAsset: {fileID: 0}
  m_GameObject: {fileID: 3123171801853242048}
  m_LocalRotation: {x: -0, y: -0, z: -0, w: 1}
  m_LocalPosition: {x: 0, y: 0, z: 0}
  m_LocalScale: {x: 1, y: 1, z: 1}
  m_ConstrainProportionsScale: 0
  m_Children: []
  m_Father: {fileID: 5755484115503601083}
  m_RootOrder: -1
  m_LocalEulerAnglesHint: {x: 0, y: 0, z: 0}
--- !u!114 &5989153551588897637
MonoBehaviour:
  m_ObjectHideFlags: 0
  m_CorrespondingSourceObject: {fileID: 0}
  m_PrefabInstance: {fileID: 0}
  m_PrefabAsset: {fileID: 0}
  m_GameObject: {fileID: 3123171801853242048}
  m_Enabled: 0
  m_EditorHideFlags: 0
  m_Script: {fileID: 11500000, guid: 552fb6fa4deaccb46ba7fa59819fc06a, type: 3}
  m_Name: 
  m_EditorClassIdentifier: 
  special: 0
  objects:
  - {fileID: 114986966024178736, guid: ab37bdefbae5a66439cc1215a71ecb11, type: 3}
  - {fileID: 2647852329520218456, guid: 8d4f907bba59f6e42b73731e08670013, type: 3}
  - {fileID: 2647852329520218456, guid: 8d4f907bba59f6e42b73731e08670013, type: 3}
  - {fileID: 2647852329520218456, guid: 8d4f907bba59f6e42b73731e08670013, type: 3}
  - {fileID: 2647852329520218456, guid: 8d4f907bba59f6e42b73731e08670013, type: 3}
  - {fileID: 2647852329520218456, guid: 8d4f907bba59f6e42b73731e08670013, type: 3}
  - {fileID: 2647852329520218456, guid: 8d4f907bba59f6e42b73731e08670013, type: 3}
  - {fileID: 2647852329520218456, guid: 8d4f907bba59f6e42b73731e08670013, type: 3}
  - {fileID: 2647852329520218456, guid: 8d4f907bba59f6e42b73731e08670013, type: 3}
  - {fileID: 2647852329520218456, guid: 8d4f907bba59f6e42b73731e08670013, type: 3}
  - {fileID: 2647852329520218456, guid: 8d4f907bba59f6e42b73731e08670013, type: 3}
  - {fileID: 2647852329520218456, guid: 8d4f907bba59f6e42b73731e08670013, type: 3}
  - {fileID: 2647852329520218456, guid: 8d4f907bba59f6e42b73731e08670013, type: 3}
  - {fileID: 2647852329520218456, guid: 8d4f907bba59f6e42b73731e08670013, type: 3}
  - {fileID: 2647852329520218456, guid: 8d4f907bba59f6e42b73731e08670013, type: 3}
  - {fileID: 2647852329520218456, guid: 8d4f907bba59f6e42b73731e08670013, type: 3}
  - {fileID: 2647852329520218456, guid: 8d4f907bba59f6e42b73731e08670013, type: 3}
  - {fileID: 2647852329520218456, guid: 8d4f907bba59f6e42b73731e08670013, type: 3}
  - {fileID: 2647852329520218456, guid: 8d4f907bba59f6e42b73731e08670013, type: 3}
  - {fileID: 2647852329520218456, guid: 8d4f907bba59f6e42b73731e08670013, type: 3}
  - {fileID: 2647852329520218456, guid: 8d4f907bba59f6e42b73731e08670013, type: 3}
  - {fileID: 2647852329520218456, guid: 8d4f907bba59f6e42b73731e08670013, type: 3}
  - {fileID: 2647852329520218456, guid: 8d4f907bba59f6e42b73731e08670013, type: 3}
  - {fileID: 2647852329520218456, guid: 8d4f907bba59f6e42b73731e08670013, type: 3}
  - {fileID: 2647852329520218456, guid: 8d4f907bba59f6e42b73731e08670013, type: 3}
  - {fileID: 2647852329520218456, guid: 8d4f907bba59f6e42b73731e08670013, type: 3}
  - {fileID: 2647852329520218456, guid: 8d4f907bba59f6e42b73731e08670013, type: 3}
  - {fileID: 2647852329520218456, guid: 8d4f907bba59f6e42b73731e08670013, type: 3}
  - {fileID: 2647852329520218456, guid: 8d4f907bba59f6e42b73731e08670013, type: 3}
  - {fileID: 2647852329520218456, guid: 8d4f907bba59f6e42b73731e08670013, type: 3}
  objectSizeX:
    serializedVersion: 2
    m_Curve:
    - serializedVersion: 3
      time: 0
      value: 0.05
      inSlope: 0
      outSlope: 0
      tangentMode: 0
      weightedMode: 3
      inWeight: 0
      outWeight: 0
    - serializedVersion: 3
      time: 1
      value: 0.06
      inSlope: 0
      outSlope: 0
      tangentMode: 0
      weightedMode: 3
      inWeight: 0
      outWeight: 0
    m_PreInfinity: 2
    m_PostInfinity: 2
    m_RotationOrder: 4
  objectSizeY:
    serializedVersion: 2
    m_Curve:
    - serializedVersion: 3
      time: 0
      value: 0.05
      inSlope: 0
      outSlope: 0
      tangentMode: 0
      weightedMode: 3
      inWeight: 0
      outWeight: 0
    - serializedVersion: 3
      time: 1
      value: 0.06
      inSlope: 0
      outSlope: 0
      tangentMode: 0
      weightedMode: 3
      inWeight: 0
      outWeight: 0
    m_PreInfinity: 2
    m_PostInfinity: 2
    m_RotationOrder: 4
  objectSizeZ:
    serializedVersion: 2
    m_Curve:
    - serializedVersion: 3
      time: 0
      value: 0.05
      inSlope: 0
      outSlope: 0
      tangentMode: 0
      weightedMode: 3
      inWeight: 0
      outWeight: 0
    - serializedVersion: 3
      time: 1
      value: 0.06
      inSlope: 0
      outSlope: 0
      tangentMode: 0
      weightedMode: 3
      inWeight: 0
      outWeight: 0
    m_PreInfinity: 2
    m_PostInfinity: 2
    m_RotationOrder: 4
  rotationX:
    serializedVersion: 2
    m_Curve:
    - serializedVersion: 3
      time: 0
      value: 0
      inSlope: 0
      outSlope: 0
      tangentMode: 0
      weightedMode: 3
      inWeight: 0
      outWeight: 0
    - serializedVersion: 3
      time: 1
      value: 0
      inSlope: 0
      outSlope: 0
      tangentMode: 0
      weightedMode: 3
      inWeight: 0
      outWeight: 0
    m_PreInfinity: 2
    m_PostInfinity: 2
    m_RotationOrder: 4
  rotationY:
    serializedVersion: 2
    m_Curve:
    - serializedVersion: 3
      time: 0
      value: 0
      inSlope: 0
      outSlope: 0
      tangentMode: 0
      weightedMode: 3
      inWeight: 0
      outWeight: 0
    - serializedVersion: 3
      time: 1
      value: 0
      inSlope: 0
      outSlope: 0
      tangentMode: 0
      weightedMode: 3
      inWeight: 0
      outWeight: 0
    m_PreInfinity: 2
    m_PostInfinity: 2
    m_RotationOrder: 4
  rotationZ:
    serializedVersion: 2
    m_Curve:
    - serializedVersion: 3
      time: 0
      value: 0
      inSlope: 0
      outSlope: 0
      tangentMode: 0
      weightedMode: 3
      inWeight: 0
      outWeight: 0
    - serializedVersion: 3
      time: 1
      value: 360
      inSlope: 0
      outSlope: 0
      tangentMode: 0
      weightedMode: 3
      inWeight: 0
      outWeight: 0
    m_PreInfinity: 2
    m_PostInfinity: 2
    m_RotationOrder: 4
  color:
    serializedVersion: 2
    key0: {r: 0.62513065, g: 0.07843137, b: 1, a: 1}
    key1: {r: 0.62513065, g: 0.07843137, b: 1, a: 1}
    key2: {r: 0.62513065, g: 0.07843137, b: 1, a: 0}
    key3: {r: 0.62513065, g: 0.07843137, b: 1, a: 0}
    key4: {r: 0.62513065, g: 0.07843137, b: 1, a: 0}
    key5: {r: 1, g: 0.8209606, b: 0.07843137, a: 0}
    key6: {r: 1, g: 0.8209606, b: 0.07843137, a: 0}
    key7: {r: 0, g: 0, b: 0, a: 0}
    ctime0: 0
    ctime1: 65535
    ctime2: 49151
    ctime3: 49151
    ctime4: 49151
    ctime5: 65342
    ctime6: 64571
    ctime7: 0
    atime0: 0
    atime1: 65535
    atime2: 0
    atime3: 0
    atime4: 0
    atime5: 0
    atime6: 0
    atime7: 0
    m_Mode: 0
    m_NumColorKeys: 2
    m_NumAlphaKeys: 2
  spacing: 0.1
  radius: 0.4
  count: 2
  sprinklePreviewType: 0
--- !u!1 &3471008431149261785
GameObject:
  m_ObjectHideFlags: 0
  m_CorrespondingSourceObject: {fileID: 0}
  m_PrefabInstance: {fileID: 0}
  m_PrefabAsset: {fileID: 0}
  serializedVersion: 6
  m_Component:
  - component: {fileID: 5755484115503601083}
  m_Layer: 8
  m_Name: Options
  m_TagString: Untagged
  m_Icon: {fileID: 0}
  m_NavMeshLayer: 0
  m_StaticEditorFlags: 0
  m_IsActive: 1
--- !u!4 &5755484115503601083
Transform:
  m_ObjectHideFlags: 0
  m_CorrespondingSourceObject: {fileID: 0}
  m_PrefabInstance: {fileID: 0}
  m_PrefabAsset: {fileID: 0}
  m_GameObject: {fileID: 3471008431149261785}
  m_LocalRotation: {x: 0, y: 0, z: 0, w: 1}
  m_LocalPosition: {x: 0, y: 0, z: 0}
  m_LocalScale: {x: 1, y: 1, z: 1}
  m_ConstrainProportionsScale: 1
  m_Children:
  - {fileID: 1469213310588087682}
  - {fileID: 480010762981387736}
  - {fileID: 3828183391637731542}
  - {fileID: 8310555996430601699}
  - {fileID: 1415693183023654649}
  m_Father: {fileID: 4279591316927438692}
  m_RootOrder: -1
  m_LocalEulerAnglesHint: {x: 0, y: 0, z: 0}
--- !u!1 &5434028569168023701
GameObject:
  m_ObjectHideFlags: 0
  m_CorrespondingSourceObject: {fileID: 0}
  m_PrefabInstance: {fileID: 0}
  m_PrefabAsset: {fileID: 0}
  serializedVersion: 6
  m_Component:
  - component: {fileID: 4279591316927438692}
  - component: {fileID: 7116056815646304781}
  m_Layer: 8
  m_Name: Sprinkles Manual
  m_TagString: Untagged
  m_Icon: {fileID: 0}
  m_NavMeshLayer: 0
  m_StaticEditorFlags: 0
  m_IsActive: 1
--- !u!4 &4279591316927438692
Transform:
  m_ObjectHideFlags: 0
  m_CorrespondingSourceObject: {fileID: 0}
  m_PrefabInstance: {fileID: 0}
  m_PrefabAsset: {fileID: 0}
  m_GameObject: {fileID: 5434028569168023701}
  m_LocalRotation: {x: 0, y: 0, z: 0, w: 1}
  m_LocalPosition: {x: 0, y: 0, z: 0}
  m_LocalScale: {x: 1.2, y: 1.2, z: 1.2}
  m_ConstrainProportionsScale: 0
  m_Children:
  - {fileID: 5755484115503601083}
  - {fileID: 8253270774017811876}
  - {fileID: 3240149677749408218}
  m_Father: {fileID: 892851248262842147}
  m_RootOrder: -1
  m_LocalEulerAnglesHint: {x: 0, y: 0, z: 0}
--- !u!114 &7116056815646304781
MonoBehaviour:
  m_ObjectHideFlags: 0
  m_CorrespondingSourceObject: {fileID: 0}
  m_PrefabInstance: {fileID: 0}
  m_PrefabAsset: {fileID: 0}
  m_GameObject: {fileID: 5434028569168023701}
  m_Enabled: 1
  m_EditorHideFlags: 0
  m_Script: {fileID: 11500000, guid: 2179359cc2a883a438dca2c78b5c9308, type: 3}
  m_Name: 
  m_EditorClassIdentifier: 
  paths:
  - path: {fileID: 4882068100879283702}
    sections:
    - weight: 0.328
      options: 00000000
    magnet: 0
  options:
  - {fileID: 860268451467662431}
  - {fileID: 3729253790431211502}
  - {fileID: 2032907853916107623}
  - {fileID: 5989153551588897637}
  - {fileID: 1310599154963452812}
  physicsEnabled: 0
  bonus: 0
--- !u!1 &5535771874071182293
GameObject:
  m_ObjectHideFlags: 0
  m_CorrespondingSourceObject: {fileID: 0}
  m_PrefabInstance: {fileID: 0}
  m_PrefabAsset: {fileID: 0}
  serializedVersion: 6
  m_Component:
  - component: {fileID: 480010762981387736}
  - component: {fileID: 3729253790431211502}
  m_Layer: 8
  m_Name: Option
  m_TagString: Untagged
  m_Icon: {fileID: 0}
  m_NavMeshLayer: 0
  m_StaticEditorFlags: 0
  m_IsActive: 1
--- !u!4 &480010762981387736
Transform:
  m_ObjectHideFlags: 0
  m_CorrespondingSourceObject: {fileID: 0}
  m_PrefabInstance: {fileID: 0}
  m_PrefabAsset: {fileID: 0}
  m_GameObject: {fileID: 5535771874071182293}
  m_LocalRotation: {x: -0, y: -0, z: -0, w: 1}
  m_LocalPosition: {x: 0, y: 0, z: 0}
  m_LocalScale: {x: 1, y: 1, z: 1}
  m_ConstrainProportionsScale: 0
  m_Children: []
  m_Father: {fileID: 5755484115503601083}
  m_RootOrder: -1
  m_LocalEulerAnglesHint: {x: 0, y: 0, z: 0}
--- !u!114 &3729253790431211502
MonoBehaviour:
  m_ObjectHideFlags: 0
  m_CorrespondingSourceObject: {fileID: 0}
  m_PrefabInstance: {fileID: 0}
  m_PrefabAsset: {fileID: 0}
  m_GameObject: {fileID: 5535771874071182293}
  m_Enabled: 0
  m_EditorHideFlags: 0
  m_Script: {fileID: 11500000, guid: 552fb6fa4deaccb46ba7fa59819fc06a, type: 3}
  m_Name: 
  m_EditorClassIdentifier: 
  special: 0
  objects:
  - {fileID: 114986966024178736, guid: ab37bdefbae5a66439cc1215a71ecb11, type: 3}
  - {fileID: 2647852329520218456, guid: 8d4f907bba59f6e42b73731e08670013, type: 3}
  - {fileID: 2647852329520218456, guid: 8d4f907bba59f6e42b73731e08670013, type: 3}
  - {fileID: 2647852329520218456, guid: 8d4f907bba59f6e42b73731e08670013, type: 3}
  - {fileID: 2647852329520218456, guid: 8d4f907bba59f6e42b73731e08670013, type: 3}
  - {fileID: 2647852329520218456, guid: 8d4f907bba59f6e42b73731e08670013, type: 3}
  - {fileID: 2647852329520218456, guid: 8d4f907bba59f6e42b73731e08670013, type: 3}
  - {fileID: 2647852329520218456, guid: 8d4f907bba59f6e42b73731e08670013, type: 3}
  - {fileID: 2647852329520218456, guid: 8d4f907bba59f6e42b73731e08670013, type: 3}
  - {fileID: 2647852329520218456, guid: 8d4f907bba59f6e42b73731e08670013, type: 3}
  - {fileID: 2647852329520218456, guid: 8d4f907bba59f6e42b73731e08670013, type: 3}
  - {fileID: 2647852329520218456, guid: 8d4f907bba59f6e42b73731e08670013, type: 3}
  - {fileID: 2647852329520218456, guid: 8d4f907bba59f6e42b73731e08670013, type: 3}
  - {fileID: 2647852329520218456, guid: 8d4f907bba59f6e42b73731e08670013, type: 3}
  - {fileID: 2647852329520218456, guid: 8d4f907bba59f6e42b73731e08670013, type: 3}
  - {fileID: 2647852329520218456, guid: 8d4f907bba59f6e42b73731e08670013, type: 3}
  - {fileID: 2647852329520218456, guid: 8d4f907bba59f6e42b73731e08670013, type: 3}
  - {fileID: 2647852329520218456, guid: 8d4f907bba59f6e42b73731e08670013, type: 3}
  - {fileID: 2647852329520218456, guid: 8d4f907bba59f6e42b73731e08670013, type: 3}
  - {fileID: 2647852329520218456, guid: 8d4f907bba59f6e42b73731e08670013, type: 3}
  - {fileID: 2647852329520218456, guid: 8d4f907bba59f6e42b73731e08670013, type: 3}
  - {fileID: 2647852329520218456, guid: 8d4f907bba59f6e42b73731e08670013, type: 3}
  - {fileID: 2647852329520218456, guid: 8d4f907bba59f6e42b73731e08670013, type: 3}
  - {fileID: 2647852329520218456, guid: 8d4f907bba59f6e42b73731e08670013, type: 3}
  - {fileID: 2647852329520218456, guid: 8d4f907bba59f6e42b73731e08670013, type: 3}
  - {fileID: 2647852329520218456, guid: 8d4f907bba59f6e42b73731e08670013, type: 3}
  - {fileID: 2647852329520218456, guid: 8d4f907bba59f6e42b73731e08670013, type: 3}
  - {fileID: 2647852329520218456, guid: 8d4f907bba59f6e42b73731e08670013, type: 3}
  - {fileID: 2647852329520218456, guid: 8d4f907bba59f6e42b73731e08670013, type: 3}
  - {fileID: 2647852329520218456, guid: 8d4f907bba59f6e42b73731e08670013, type: 3}
  objectSizeX:
    serializedVersion: 2
    m_Curve:
    - serializedVersion: 3
      time: 0
      value: 0.05
      inSlope: 0
      outSlope: 0
      tangentMode: 0
      weightedMode: 3
      inWeight: 0
      outWeight: 0
    - serializedVersion: 3
      time: 1
      value: 0.06
      inSlope: 0
      outSlope: 0
      tangentMode: 0
      weightedMode: 3
      inWeight: 0
      outWeight: 0
    m_PreInfinity: 2
    m_PostInfinity: 2
    m_RotationOrder: 4
  objectSizeY:
    serializedVersion: 2
    m_Curve:
    - serializedVersion: 3
      time: 0
      value: 0.05
      inSlope: 0
      outSlope: 0
      tangentMode: 0
      weightedMode: 3
      inWeight: 0
      outWeight: 0
    - serializedVersion: 3
      time: 1
      value: 0.06
      inSlope: 0
      outSlope: 0
      tangentMode: 0
      weightedMode: 3
      inWeight: 0
      outWeight: 0
    m_PreInfinity: 2
    m_PostInfinity: 2
    m_RotationOrder: 4
  objectSizeZ:
    serializedVersion: 2
    m_Curve:
    - serializedVersion: 3
      time: 0
      value: 0.05
      inSlope: 0
      outSlope: 0
      tangentMode: 0
      weightedMode: 3
      inWeight: 0
      outWeight: 0
    - serializedVersion: 3
      time: 1
      value: 0.06
      inSlope: 0
      outSlope: 0
      tangentMode: 0
      weightedMode: 3
      inWeight: 0
      outWeight: 0
    m_PreInfinity: 2
    m_PostInfinity: 2
    m_RotationOrder: 4
  rotationX:
    serializedVersion: 2
    m_Curve:
    - serializedVersion: 3
      time: 0
      value: 0
      inSlope: 0
      outSlope: 0
      tangentMode: 0
      weightedMode: 3
      inWeight: 0
      outWeight: 0
    - serializedVersion: 3
      time: 1
      value: 0
      inSlope: 0
      outSlope: 0
      tangentMode: 0
      weightedMode: 3
      inWeight: 0
      outWeight: 0
    m_PreInfinity: 2
    m_PostInfinity: 2
    m_RotationOrder: 4
  rotationY:
    serializedVersion: 2
    m_Curve:
    - serializedVersion: 3
      time: 0
      value: 0
      inSlope: 0
      outSlope: 0
      tangentMode: 0
      weightedMode: 3
      inWeight: 0
      outWeight: 0
    - serializedVersion: 3
      time: 1
      value: 0
      inSlope: 0
      outSlope: 0
      tangentMode: 0
      weightedMode: 3
      inWeight: 0
      outWeight: 0
    m_PreInfinity: 2
    m_PostInfinity: 2
    m_RotationOrder: 4
  rotationZ:
    serializedVersion: 2
    m_Curve:
    - serializedVersion: 3
      time: 0
      value: 0
      inSlope: 0
      outSlope: 0
      tangentMode: 0
      weightedMode: 3
      inWeight: 0
      outWeight: 0
    - serializedVersion: 3
      time: 1
      value: 360
      inSlope: 0
      outSlope: 0
      tangentMode: 0
      weightedMode: 3
      inWeight: 0
      outWeight: 0
    m_PreInfinity: 2
    m_PostInfinity: 2
    m_RotationOrder: 4
  color:
    serializedVersion: 2
    key0: {r: 0.21856683, g: 1, b: 0.08018869, a: 1}
    key1: {r: 0.21856683, g: 1, b: 0.08018869, a: 1}
    key2: {r: 1, g: 0.07843137, b: 0.46137494, a: 0}
    key3: {r: 1, g: 0.07843137, b: 0.46137494, a: 0}
    key4: {r: 1, g: 0.07843137, b: 0.46137494, a: 0}
    key5: {r: 1, g: 0.07843137, b: 0.46137494, a: 0}
    key6: {r: 1, g: 0.8209606, b: 0.07843137, a: 0}
    key7: {r: 0, g: 0, b: 0, a: 0}
    ctime0: 0
    ctime1: 65535
    ctime2: 57054
    ctime3: 57054
    ctime4: 57054
    ctime5: 57054
    ctime6: 65150
    ctime7: 0
    atime0: 0
    atime1: 65535
    atime2: 0
    atime3: 0
    atime4: 0
    atime5: 0
    atime6: 0
    atime7: 0
    m_Mode: 0
    m_NumColorKeys: 2
    m_NumAlphaKeys: 2
  spacing: 0.1
  radius: 0.4
  count: 2
  sprinklePreviewType: 1
--- !u!1 &5602552585794692846
GameObject:
  m_ObjectHideFlags: 0
  m_CorrespondingSourceObject: {fileID: 0}
  m_PrefabInstance: {fileID: 0}
  m_PrefabAsset: {fileID: 0}
  serializedVersion: 6
  m_Component:
  - component: {fileID: 1469213310588087682}
  - component: {fileID: 860268451467662431}
  m_Layer: 8
  m_Name: Option
  m_TagString: Untagged
  m_Icon: {fileID: 0}
  m_NavMeshLayer: 0
  m_StaticEditorFlags: 0
  m_IsActive: 1
--- !u!4 &1469213310588087682
Transform:
  m_ObjectHideFlags: 0
  m_CorrespondingSourceObject: {fileID: 0}
  m_PrefabInstance: {fileID: 0}
  m_PrefabAsset: {fileID: 0}
  m_GameObject: {fileID: 5602552585794692846}
  m_LocalRotation: {x: -0, y: -0, z: -0, w: 1}
  m_LocalPosition: {x: 0, y: 0, z: 0}
  m_LocalScale: {x: 1, y: 1, z: 1}
  m_ConstrainProportionsScale: 0
  m_Children: []
  m_Father: {fileID: 5755484115503601083}
  m_RootOrder: -1
  m_LocalEulerAnglesHint: {x: 0, y: 0, z: 0}
--- !u!114 &860268451467662431
MonoBehaviour:
  m_ObjectHideFlags: 0
  m_CorrespondingSourceObject: {fileID: 0}
  m_PrefabInstance: {fileID: 0}
  m_PrefabAsset: {fileID: 0}
  m_GameObject: {fileID: 5602552585794692846}
  m_Enabled: 0
  m_EditorHideFlags: 0
  m_Script: {fileID: 11500000, guid: 552fb6fa4deaccb46ba7fa59819fc06a, type: 3}
  m_Name: 
  m_EditorClassIdentifier: 
  special: 0
  objects:
  - {fileID: 114617897605414048, guid: 2d45c34696c116b438e5163ea9bd230b, type: 3}
  - {fileID: 114617897605414048, guid: 2d45c34696c116b438e5163ea9bd230b, type: 3}
  - {fileID: 114617897605414048, guid: 2d45c34696c116b438e5163ea9bd230b, type: 3}
  - {fileID: 114617897605414048, guid: 2d45c34696c116b438e5163ea9bd230b, type: 3}
  - {fileID: 114617897605414048, guid: 2d45c34696c116b438e5163ea9bd230b, type: 3}
  - {fileID: 114617897605414048, guid: 2d45c34696c116b438e5163ea9bd230b, type: 3}
  - {fileID: 114617897605414048, guid: 2d45c34696c116b438e5163ea9bd230b, type: 3}
  - {fileID: 114617897605414048, guid: 2d45c34696c116b438e5163ea9bd230b, type: 3}
  objectSizeX:
    serializedVersion: 2
    m_Curve:
    - serializedVersion: 3
      time: 0
      value: 0.05
      inSlope: 0
      outSlope: 0
      tangentMode: 0
      weightedMode: 3
      inWeight: 0
      outWeight: 0
    - serializedVersion: 3
      time: 1
      value: 0.06
      inSlope: 0
      outSlope: 0
      tangentMode: 0
      weightedMode: 3
      inWeight: 0
      outWeight: 0
    m_PreInfinity: 2
    m_PostInfinity: 2
    m_RotationOrder: 4
  objectSizeY:
    serializedVersion: 2
    m_Curve:
    - serializedVersion: 3
      time: 0
      value: 0.05
      inSlope: 0
      outSlope: 0
      tangentMode: 0
      weightedMode: 3
      inWeight: 0
      outWeight: 0
    - serializedVersion: 3
      time: 1
      value: 0.06
      inSlope: 0
      outSlope: 0
      tangentMode: 0
      weightedMode: 3
      inWeight: 0
      outWeight: 0
    m_PreInfinity: 2
    m_PostInfinity: 2
    m_RotationOrder: 4
  objectSizeZ:
    serializedVersion: 2
    m_Curve:
    - serializedVersion: 3
      time: 0
      value: 0.05
      inSlope: 0
      outSlope: 0
      tangentMode: 0
      weightedMode: 3
      inWeight: 0
      outWeight: 0
    - serializedVersion: 3
      time: 1
      value: 0.06
      inSlope: 0
      outSlope: 0
      tangentMode: 0
      weightedMode: 3
      inWeight: 0
      outWeight: 0
    m_PreInfinity: 2
    m_PostInfinity: 2
    m_RotationOrder: 4
  rotationX:
    serializedVersion: 2
    m_Curve:
    - serializedVersion: 3
      time: 0
      value: 0
      inSlope: 0
      outSlope: 0
      tangentMode: 0
      weightedMode: 3
      inWeight: 0
      outWeight: 0
    - serializedVersion: 3
      time: 1
      value: 0
      inSlope: 0
      outSlope: 0
      tangentMode: 0
      weightedMode: 3
      inWeight: 0
      outWeight: 0
    m_PreInfinity: 2
    m_PostInfinity: 2
    m_RotationOrder: 4
  rotationY:
    serializedVersion: 2
    m_Curve:
    - serializedVersion: 3
      time: 0
      value: 0
      inSlope: 0
      outSlope: 0
      tangentMode: 0
      weightedMode: 3
      inWeight: 0
      outWeight: 0
    - serializedVersion: 3
      time: 1
      value: 0
      inSlope: 0
      outSlope: 0
      tangentMode: 0
      weightedMode: 3
      inWeight: 0
      outWeight: 0
    m_PreInfinity: 2
    m_PostInfinity: 2
    m_RotationOrder: 4
  rotationZ:
    serializedVersion: 2
    m_Curve:
    - serializedVersion: 3
      time: 0
      value: 0
      inSlope: 0
      outSlope: 0
      tangentMode: 0
      weightedMode: 3
      inWeight: 0
      outWeight: 0
    - serializedVersion: 3
      time: 1
      value: 360
      inSlope: 0
      outSlope: 0
      tangentMode: 0
      weightedMode: 3
      inWeight: 0
      outWeight: 0
    m_PreInfinity: 2
    m_PostInfinity: 2
    m_RotationOrder: 4
  color:
    serializedVersion: 2
    key0: {r: 1, g: 0.99328774, b: 0.49412608, a: 1}
    key1: {r: 1, g: 0.7400185, b: 0, a: 1}
    key2: {r: 0.07843137, g: 1, b: 0.81982154, a: 0}
    key3: {r: 0.07843137, g: 0.4779123, b: 1, a: 0}
    key4: {r: 0.62513065, g: 0.07843137, b: 1, a: 0}
    key5: {r: 1, g: 0.07843137, b: 0.46137494, a: 0}
    key6: {r: 1, g: 0.8209606, b: 0.07843137, a: 0}
    key7: {r: 0, g: 0, b: 0, a: 0}
    ctime0: 0
    ctime1: 65535
    ctime2: 22552
    ctime3: 37201
    ctime4: 49151
    ctime5: 57054
    ctime6: 64571
    ctime7: 0
    atime0: 0
    atime1: 65535
    atime2: 0
    atime3: 0
    atime4: 0
    atime5: 0
    atime6: 0
    atime7: 0
    m_Mode: 0
    m_NumColorKeys: 2
    m_NumAlphaKeys: 2
  spacing: 0.054
  radius: 0.21
  count: 2
  sprinklePreviewType: 1
--- !u!1 &6273002754408680735
GameObject:
  m_ObjectHideFlags: 0
  m_CorrespondingSourceObject: {fileID: 0}
  m_PrefabInstance: {fileID: 0}
  m_PrefabAsset: {fileID: 0}
  serializedVersion: 6
  m_Component:
  - component: {fileID: 1559835483691113260}
  - component: {fileID: 1093029769982748487}
  - component: {fileID: 6382251812031679536}
  - component: {fileID: 938528726870546847}
  m_Layer: 8
  m_Name: Stroke Manual 0
  m_TagString: Untagged
  m_Icon: {fileID: 0}
  m_NavMeshLayer: 0
  m_StaticEditorFlags: 0
  m_IsActive: 1
--- !u!4 &1559835483691113260
Transform:
  m_ObjectHideFlags: 0
  m_CorrespondingSourceObject: {fileID: 0}
  m_PrefabInstance: {fileID: 0}
  m_PrefabAsset: {fileID: 0}
  m_GameObject: {fileID: 6273002754408680735}
  m_LocalRotation: {x: -0, y: 0.000000014901161, z: -0.075186335, w: 0.99716955}
  m_LocalPosition: {x: 0.1, y: -0.17, z: -0}
  m_LocalScale: {x: 0.8164, y: 0.8021, z: 1}
  m_ConstrainProportionsScale: 0
  m_Children: []
  m_Father: {fileID: 3004719519845102739}
  m_RootOrder: -1
  m_LocalEulerAnglesHint: {x: 0, y: 0, z: -8.624}
--- !u!114 &1093029769982748487
MonoBehaviour:
  m_ObjectHideFlags: 0
  m_CorrespondingSourceObject: {fileID: 0}
  m_PrefabInstance: {fileID: 0}
  m_PrefabAsset: {fileID: 0}
  m_GameObject: {fileID: 6273002754408680735}
  m_Enabled: 1
  m_EditorHideFlags: 0
  m_Script: {fileID: 11500000, guid: 5120595cb07379d488e526d799bc1e6d, type: 3}
  m_Name: 
  m_EditorClassIdentifier: 
  path: {fileID: 938528726870546847}
  sections:
  - weight: 1
    colors: 00000000
  options:
  - colors:
    - {r: 0.91491044, g: 1, b: 0, a: 1}
    - {r: 1, g: 1, b: 1, a: 1}
  - colors:
    - {r: 0.986, g: 0.28298193, b: 0.3266477, a: 1}
  - colors:
    - {r: 0.33333334, g: 0.74509805, b: 0.9490197, a: 1}
  - colors:
    - {r: 0.5993331, g: 0.399, b: 1, a: 1}
  - colors:
    - {r: 0.99215686, g: 0.8039216, b: 0, a: 1}
  brush: {fileID: 6382251812031679536}
  material: {fileID: 2100000, guid: 108036d14a7415f4b95df06c69a79ceb, type: 2}
--- !u!114 &6382251812031679536
MonoBehaviour:
  m_ObjectHideFlags: 0
  m_CorrespondingSourceObject: {fileID: 0}
  m_PrefabInstance: {fileID: 0}
  m_PrefabAsset: {fileID: 0}
  m_GameObject: {fileID: 6273002754408680735}
  m_Enabled: 1
  m_EditorHideFlags: 0
  m_Script: {fileID: 11500000, guid: f6202143f93329f4596fcd4f38f4496e, type: 3}
  m_Name: 
  m_EditorClassIdentifier: 
  tip: {fileID: 4760252478746094373, guid: 0499a74804bbbed4083ca126c34374b8, type: 3}
  size:
    serializedVersion: 2
    m_Curve:
    - serializedVersion: 3
      time: 0.001045227
      value: 0.13652344
      inSlope: 0
      outSlope: 0
      tangentMode: 0
      weightedMode: 3
      inWeight: 0
      outWeight: 0
    - serializedVersion: 3
      time: 0.9953003
      value: 0.13415833
      inSlope: 0
      outSlope: 0
      tangentMode: 0
      weightedMode: 3
      inWeight: 0
      outWeight: 0
    m_PreInfinity: 2
    m_PostInfinity: 2
    m_RotationOrder: 4
  twist: 0
--- !u!114 &938528726870546847
MonoBehaviour:
  m_ObjectHideFlags: 0
  m_CorrespondingSourceObject: {fileID: 0}
  m_PrefabInstance: {fileID: 0}
  m_PrefabAsset: {fileID: 0}
  m_GameObject: {fileID: 6273002754408680735}
  m_Enabled: 1
  m_EditorHideFlags: 0
  m_Script: {fileID: 11500000, guid: c25f2c3c6d52ab744a70ac080b3e3958, type: 3}
  m_Name: 
  m_EditorClassIdentifier: 
  svgPoints:
  - x: -1.4698550735694775
    y: 0.4820289750030075
  - x: -1.5
    y: 0.4599999897721885
  - x: -1.2826087011807208
    y: 0.21478260703708815
  - x: -1.3597101460332457
    y: 0.024057960510253905
  - x: -1.393913045136825
    y: -0.06000001050423885
  - x: -1.4727536242941153
    y: -0.10231884666111159
  - x: -1.4582608706709268
    y: -0.12666667717090552
  - x: -1.437971015598463
    y: -0.16086957627448484
  - x: -1.2953623177348703
    y: -0.05594204059545545
  - x: -1.156811595308608
    y: -0.0976811699245287
  - x: -0.982898551830347
    y: -0.1504347953243532
  - x: -0.9179710111756256
    y: -0.39739131927490234
  - x: -0.8959420300912166
    y: -0.3875362423882968
  - x: -0.8750724654266799
    y: -0.3782608799312426
  - x: -0.9973913054535355
    y: -0.1869565410890441
  - x: -0.9539130445839702
    y: 0.024057960510253905
  - x: -0.9179710167041724
    y: 0.19797100398851478
  - x: -0.78753622856693
    y: 0.29478260261425077
  - x: -0.8153623221577078
    y: 0.32724636188451794
  - x: -0.8437681170477384
    y: 0.3597100990405981
  - x: -0.9597101460332456
    y: 0.2373912230781887
  - x: -1.1162318851636803
    y: 0.25014491703199304
  - x: -1.3168116306913071
    y: 0.2663767303245655
  - x: -1.4431883715201115
    y: 0.5017390845478444
  - x: -1.4698550735694775
    y: 0.4820289750030075
  - x: 0
    y: 0
  - x: 0
    y: 0
  svgCommands: 010000000400000004000000040000000400000004000000040000000400000004000000040000000400000004000000040000000400000004000000040000000400000004000000040000000400000004000000040000000400000004000000040000004f00000000000000
  reverse: 0
  offset: 0
--- !u!1 &6505344391814495093
GameObject:
  m_ObjectHideFlags: 0
  m_CorrespondingSourceObject: {fileID: 0}
  m_PrefabInstance: {fileID: 0}
  m_PrefabAsset: {fileID: 0}
  serializedVersion: 6
  m_Component:
  - component: {fileID: 5800738631319594019}
  - component: {fileID: 6166078374738207560}
  - component: {fileID: 2109768883754850728}
  - component: {fileID: 7874576761118852181}
  m_Layer: 8
  m_Name: Stroke Manual 1
  m_TagString: Untagged
  m_Icon: {fileID: 0}
  m_NavMeshLayer: 0
  m_StaticEditorFlags: 0
  m_IsActive: 1
--- !u!4 &5800738631319594019
Transform:
  m_ObjectHideFlags: 0
  m_CorrespondingSourceObject: {fileID: 0}
  m_PrefabInstance: {fileID: 0}
  m_PrefabAsset: {fileID: 0}
  m_GameObject: {fileID: 6505344391814495093}
  m_LocalRotation: {x: -0, y: -0.0000000037252899, z: 0.06487886, w: 0.99789315}
  m_LocalPosition: {x: -0.97, y: 0.04, z: -0}
  m_LocalScale: {x: 1.6228896, y: 1.9019471, z: 1}
  m_ConstrainProportionsScale: 0
  m_Children: []
  m_Father: {fileID: 3004719519845102739}
  m_RootOrder: -1
  m_LocalEulerAnglesHint: {x: 0, y: 0, z: 7.44}
--- !u!114 &6166078374738207560
MonoBehaviour:
  m_ObjectHideFlags: 0
  m_CorrespondingSourceObject: {fileID: 0}
  m_PrefabInstance: {fileID: 0}
  m_PrefabAsset: {fileID: 0}
  m_GameObject: {fileID: 6505344391814495093}
  m_Enabled: 1
  m_EditorHideFlags: 0
  m_Script: {fileID: 11500000, guid: 5120595cb07379d488e526d799bc1e6d, type: 3}
  m_Name: 
  m_EditorClassIdentifier: 
  path: {fileID: 7874576761118852181}
  sections:
  - weight: 1
    colors: 00000000
  options:
  - colors:
    - {r: 0, g: 1, b: 0.8257375, a: 1}
    - {r: 1, g: 1, b: 1, a: 1}
  - colors:
    - {r: 0.986, g: 0.28298193, b: 0.3266477, a: 1}
  - colors:
    - {r: 0.33333334, g: 0.74509805, b: 0.9490197, a: 1}
  - colors:
    - {r: 0.5993331, g: 0.399, b: 1, a: 1}
  - colors:
    - {r: 0.99215686, g: 0.8039216, b: 0, a: 1}
  brush: {fileID: 2109768883754850728}
  material: {fileID: 2100000, guid: 108036d14a7415f4b95df06c69a79ceb, type: 2}
--- !u!114 &2109768883754850728
MonoBehaviour:
  m_ObjectHideFlags: 0
  m_CorrespondingSourceObject: {fileID: 0}
  m_PrefabInstance: {fileID: 0}
  m_PrefabAsset: {fileID: 0}
  m_GameObject: {fileID: 6505344391814495093}
  m_Enabled: 1
  m_EditorHideFlags: 0
  m_Script: {fileID: 11500000, guid: f6202143f93329f4596fcd4f38f4496e, type: 3}
  m_Name: 
  m_EditorClassIdentifier: 
  tip: {fileID: 4760252478746094373, guid: 0499a74804bbbed4083ca126c34374b8, type: 3}
  size:
    serializedVersion: 2
    m_Curve:
    - serializedVersion: 3
      time: -0.0077729896
      value: 0.14029133
      inSlope: Infinity
      outSlope: Infinity
      tangentMode: 0
      weightedMode: 3
      inWeight: 0
      outWeight: 0
    - serializedVersion: 3
      time: 1.0031737
      value: 0.14030658
      inSlope: 0
      outSlope: 0
      tangentMode: 0
      weightedMode: 3
      inWeight: 0
      outWeight: 0
    m_PreInfinity: 2
    m_PostInfinity: 2
    m_RotationOrder: 4
  twist: 0
--- !u!114 &7874576761118852181
MonoBehaviour:
  m_ObjectHideFlags: 0
  m_CorrespondingSourceObject: {fileID: 0}
  m_PrefabInstance: {fileID: 0}
  m_PrefabAsset: {fileID: 0}
  m_GameObject: {fileID: 6505344391814495093}
  m_Enabled: 1
  m_EditorHideFlags: 0
  m_Script: {fileID: 11500000, guid: c25f2c3c6d52ab744a70ac080b3e3958, type: 3}
  m_Name: 
  m_EditorClassIdentifier: 
  svgPoints:
  - x: -0.15391304458397023
    y: -0.27159421340278955
  - x: 633
    y: 396
  svgCommands: 0100000000000000
  reverse: 0
  offset: 0
--- !u!1 &7297765506348859244
GameObject:
  m_ObjectHideFlags: 0
  m_CorrespondingSourceObject: {fileID: 0}
  m_PrefabInstance: {fileID: 0}
  m_PrefabAsset: {fileID: 0}
  serializedVersion: 6
  m_Component:
  - component: {fileID: 2460175546352787250}
  - component: {fileID: 2744980064027215267}
  - component: {fileID: 2278806513353503485}
  - component: {fileID: 2572008520314808279}
  m_Layer: 8
  m_Name: Stroke Manual 0_001
  m_TagString: Untagged
  m_Icon: {fileID: 0}
  m_NavMeshLayer: 0
  m_StaticEditorFlags: 0
  m_IsActive: 1
--- !u!4 &2460175546352787250
Transform:
  m_ObjectHideFlags: 0
  m_CorrespondingSourceObject: {fileID: 0}
  m_PrefabInstance: {fileID: 0}
  m_PrefabAsset: {fileID: 0}
  m_GameObject: {fileID: 7297765506348859244}
  m_LocalRotation: {x: 0.7071068, y: -0, z: -0, w: 0.7071068}
  m_LocalPosition: {x: -1.51, y: -0.1, z: 13.03}
  m_LocalScale: {x: 0.51743436, y: 0.5174344, z: 0.3727962}
  m_ConstrainProportionsScale: 0
  m_Children: []
  m_Father: {fileID: 3004719518758421822}
  m_RootOrder: -1
  m_LocalEulerAnglesHint: {x: 0, y: 0, z: 0}
--- !u!114 &2744980064027215267
MonoBehaviour:
  m_ObjectHideFlags: 0
  m_CorrespondingSourceObject: {fileID: 0}
  m_PrefabInstance: {fileID: 0}
  m_PrefabAsset: {fileID: 0}
  m_GameObject: {fileID: 7297765506348859244}
  m_Enabled: 1
  m_EditorHideFlags: 0
  m_Script: {fileID: 11500000, guid: 5120595cb07379d488e526d799bc1e6d, type: 3}
  m_Name: 
  m_EditorClassIdentifier: 
  path: {fileID: 2572008520314808279}
  sections:
  - weight: 1
    colors: 00000000
  options:
  - colors:
    - {r: 0.99275744, g: 1, b: 0, a: 1}
  - colors:
    - {r: 1, g: 1, b: 1, a: 1}
  - colors:
    - {r: 0.33333334, g: 0.74509805, b: 0.9490197, a: 1}
  - colors:
    - {r: 0.5993331, g: 0.399, b: 1, a: 1}
  - colors:
    - {r: 0.99215686, g: 0.8039216, b: 0, a: 1}
  brush: {fileID: 2278806513353503485}
  material: {fileID: 2100000, guid: 108036d14a7415f4b95df06c69a79ceb, type: 2}
--- !u!114 &2278806513353503485
MonoBehaviour:
  m_ObjectHideFlags: 0
  m_CorrespondingSourceObject: {fileID: 0}
  m_PrefabInstance: {fileID: 0}
  m_PrefabAsset: {fileID: 0}
  m_GameObject: {fileID: 7297765506348859244}
  m_Enabled: 1
  m_EditorHideFlags: 0
  m_Script: {fileID: 11500000, guid: f6202143f93329f4596fcd4f38f4496e, type: 3}
  m_Name: 
  m_EditorClassIdentifier: 
  tip: {fileID: 4760252478746094373, guid: 0499a74804bbbed4083ca126c34374b8, type: 3}
  size:
    serializedVersion: 2
    m_Curve:
    - serializedVersion: 3
      time: 0.009342194
      value: 0.10184021
      inSlope: 0
      outSlope: 0
      tangentMode: 0
      weightedMode: 3
      inWeight: 0
      outWeight: 0
    - serializedVersion: 3
      time: 1.0077515
      value: 0.10089417
      inSlope: 0
      outSlope: 0
      tangentMode: 0
      weightedMode: 3
      inWeight: 0
      outWeight: 0
    m_PreInfinity: 2
    m_PostInfinity: 2
    m_RotationOrder: 4
  twist: 0
--- !u!114 &2572008520314808279
MonoBehaviour:
  m_ObjectHideFlags: 0
  m_CorrespondingSourceObject: {fileID: 0}
  m_PrefabInstance: {fileID: 0}
  m_PrefabAsset: {fileID: 0}
  m_GameObject: {fileID: 7297765506348859244}
  m_Enabled: 1
  m_EditorHideFlags: 0
  m_Script: {fileID: 11500000, guid: c25f2c3c6d52ab744a70ac080b3e3958, type: 3}
  m_Name: 
  m_EditorClassIdentifier: 
  svgPoints:
  - x: -1.4698550735694775
    y: 0.4820289750030075
  - x: -1.5
    y: 0.4599999897721885
  - x: -1.2826087011807208
    y: 0.21478260703708815
  - x: -1.3597101460332457
    y: 0.024057960510253905
  - x: -1.393913045136825
    y: -0.06000001050423885
  - x: -1.4727536242941153
    y: -0.10231884666111159
  - x: -1.4582608706709268
    y: -0.12666667717090552
  - x: -1.437971015598463
    y: -0.16086957627448484
  - x: -1.2953623177348703
    y: -0.05594204059545545
  - x: -1.156811595308608
    y: -0.0976811699245287
  - x: -0.982898551830347
    y: -0.1504347953243532
  - x: -0.9179710111756256
    y: -0.39739131927490234
  - x: -0.8959420300912166
    y: -0.3875362423882968
  - x: -0.8750724654266799
    y: -0.3782608799312426
  - x: -0.9973913054535355
    y: -0.1869565410890441
  - x: -0.9539130445839702
    y: 0.024057960510253905
  - x: -0.9179710167041724
    y: 0.19797100398851478
  - x: -0.78753622856693
    y: 0.29478260261425077
  - x: -0.8153623221577078
    y: 0.32724636188451794
  - x: -0.8437681170477384
    y: 0.3597100990405981
  - x: -0.9597101460332456
    y: 0.2373912230781887
  - x: -1.1162318851636803
    y: 0.25014491703199304
  - x: -1.3168116306913071
    y: 0.2663767303245655
  - x: -1.4431883715201115
    y: 0.5017390845478444
  - x: -1.4698550735694775
    y: 0.4820289750030075
  - x: 0
    y: 0
  - x: 0
    y: 0
  svgCommands: 010000000400000004000000040000000400000004000000040000000400000004000000040000000400000004000000040000000400000004000000040000000400000004000000040000000400000004000000040000000400000004000000040000004f00000000000000
  reverse: 0
  offset: 0
--- !u!1 &7914224448228049215
GameObject:
  m_ObjectHideFlags: 0
  m_CorrespondingSourceObject: {fileID: 0}
  m_PrefabInstance: {fileID: 0}
  m_PrefabAsset: {fileID: 0}
  serializedVersion: 6
  m_Component:
  - component: {fileID: 6940974903600074773}
  - component: {fileID: 2966913411015927204}
  - component: {fileID: 6666478533587639834}
  - component: {fileID: 3198486564787835384}
  m_Layer: 8
  m_Name: Stroke Manual 2
  m_TagString: Untagged
  m_Icon: {fileID: 0}
  m_NavMeshLayer: 0
  m_StaticEditorFlags: 0
  m_IsActive: 1
--- !u!4 &6940974903600074773
Transform:
  m_ObjectHideFlags: 0
  m_CorrespondingSourceObject: {fileID: 0}
  m_PrefabInstance: {fileID: 0}
  m_PrefabAsset: {fileID: 0}
  m_GameObject: {fileID: 7914224448228049215}
  m_LocalRotation: {x: -0, y: 0.000000029802322, z: -0.124299906, w: 0.9922448}
  m_LocalPosition: {x: -0.9, y: 0.33, z: 0}
  m_LocalScale: {x: 1.6228896, y: 1.9019471, z: 1}
  m_ConstrainProportionsScale: 0
  m_Children: []
  m_Father: {fileID: 3004719519845102739}
  m_RootOrder: -1
  m_LocalEulerAnglesHint: {x: 0, y: 0, z: -14.281}
--- !u!114 &2966913411015927204
MonoBehaviour:
  m_ObjectHideFlags: 0
  m_CorrespondingSourceObject: {fileID: 0}
  m_PrefabInstance: {fileID: 0}
  m_PrefabAsset: {fileID: 0}
  m_GameObject: {fileID: 7914224448228049215}
  m_Enabled: 1
  m_EditorHideFlags: 0
  m_Script: {fileID: 11500000, guid: 5120595cb07379d488e526d799bc1e6d, type: 3}
  m_Name: 
  m_EditorClassIdentifier: 
  path: {fileID: 3198486564787835384}
  sections:
  - weight: 1
    colors: 00000000
  options:
  - colors:
    - {r: 0.38091856, g: 1, b: 0.93598, a: 1}
    - {r: 1, g: 1, b: 1, a: 1}
  - colors:
    - {r: 0.986, g: 0.28298193, b: 0.3266477, a: 1}
  - colors:
    - {r: 0.33333334, g: 0.74509805, b: 0.9490197, a: 1}
  - colors:
    - {r: 0.5993331, g: 0.399, b: 1, a: 1}
  - colors:
    - {r: 0.99215686, g: 0.8039216, b: 0, a: 1}
  brush: {fileID: 6666478533587639834}
  material: {fileID: 2100000, guid: 108036d14a7415f4b95df06c69a79ceb, type: 2}
--- !u!114 &6666478533587639834
MonoBehaviour:
  m_ObjectHideFlags: 0
  m_CorrespondingSourceObject: {fileID: 0}
  m_PrefabInstance: {fileID: 0}
  m_PrefabAsset: {fileID: 0}
  m_GameObject: {fileID: 7914224448228049215}
  m_Enabled: 1
  m_EditorHideFlags: 0
  m_Script: {fileID: 11500000, guid: f6202143f93329f4596fcd4f38f4496e, type: 3}
  m_Name: 
  m_EditorClassIdentifier: 
  tip: {fileID: 4760252478746094373, guid: 0499a74804bbbed4083ca126c34374b8, type: 3}
  size:
    serializedVersion: 2
    m_Curve:
    - serializedVersion: 3
      time: -0.0077729896
      value: 0.14029133
      inSlope: Infinity
      outSlope: Infinity
      tangentMode: 0
      weightedMode: 3
      inWeight: 0
      outWeight: 0
    - serializedVersion: 3
      time: 1.0031737
      value: 0.14030658
      inSlope: 0
      outSlope: 0
      tangentMode: 0
      weightedMode: 3
      inWeight: 0
      outWeight: 0
    m_PreInfinity: 2
    m_PostInfinity: 2
    m_RotationOrder: 4
  twist: 0
--- !u!114 &3198486564787835384
MonoBehaviour:
  m_ObjectHideFlags: 0
  m_CorrespondingSourceObject: {fileID: 0}
  m_PrefabInstance: {fileID: 0}
  m_PrefabAsset: {fileID: 0}
  m_GameObject: {fileID: 7914224448228049215}
  m_Enabled: 1
  m_EditorHideFlags: 0
  m_Script: {fileID: 11500000, guid: c25f2c3c6d52ab744a70ac080b3e3958, type: 3}
  m_Name: 
  m_EditorClassIdentifier: 
  svgPoints:
  - x: 0.043188404691392096
    y: 0.49362317790155824
  - x: 0.051304346582163936
    y: 0.45536230888919554
  - x: 0.23449275251747906
    y: 0.5127536124077396
  - x: 0.5052173725072888
    y: 0.4240579605102539
  - x: 0.6263767905857253
    y: 0.3840579599573992
  - x: 0.8721738898235819
    y: 0.30347825478816376
  - x: 0.9417391293290732
    y: 0.09942027935083361
  - x: 0.9886956532796224
    y: -0.03797102941982988
  - x: 0.9347826073135155
    y: -0.16898551332777825
  - x: 0.898260868459508
    y: -0.2588405857915464
  - x: 0.7649275351261747
    y: -0.5857971163763517
  - x: 0.4843478161355724
    y: -0.7063767999842547
  - x: 0.5011594191841457
    y: -0.7353623072306316
  - x: 0.5301449264305226
    y: -0.7863768010899641
  - x: 1.3649275351261747
    y: -0.6576811500217604
  - x: 1.4576811583145806
    y: -0.1208695536074431
  - x: 1.5
    y: 0.12434783327406732
  - x: 1.3776811572088712
    y: 0.39449277407881145
  - x: 1.1852173901986385
    y: 0.5515942145084989
  - x: 1.0460869554160297
    y: 0.6652174051257147
  - x: 0.9011594191841458
    y: 0.6947826247284378
  - x: 0.8315942017928414
    y: 0.7081159536389338
  - x: 0.4217390585636747
    y: 0.7863768010899641
  - x: 0.029855142123457315
    y: 0.5562318912450818
  - x: 0.043188404691392096
    y: 0.49362317790155824
  - x: 0
    y: 0
  - x: 0
    y: 0
  svgCommands: 010000000400000004000000040000000400000004000000040000000400000004000000040000000400000004000000040000000400000004000000040000000400000004000000040000000400000004000000040000000400000004000000040000004f00000000000000
  reverse: 0
  offset: 0
--- !u!1 &7924033769468401427
GameObject:
  m_ObjectHideFlags: 0
  m_CorrespondingSourceObject: {fileID: 0}
  m_PrefabInstance: {fileID: 0}
  m_PrefabAsset: {fileID: 0}
  serializedVersion: 6
  m_Component:
  - component: {fileID: 8253270774017811876}
  - component: {fileID: 4882068100879283702}
  m_Layer: 0
  m_Name: Path
  m_TagString: Untagged
  m_Icon: {fileID: 0}
  m_NavMeshLayer: 0
  m_StaticEditorFlags: 0
  m_IsActive: 1
--- !u!4 &8253270774017811876
Transform:
  m_ObjectHideFlags: 0
  m_CorrespondingSourceObject: {fileID: 0}
  m_PrefabInstance: {fileID: 0}
  m_PrefabAsset: {fileID: 0}
  m_GameObject: {fileID: 7924033769468401427}
  m_LocalRotation: {x: 0, y: 0, z: 0, w: 1}
  m_LocalPosition: {x: 0, y: 0, z: 0}
  m_LocalScale: {x: 1, y: 1, z: 1}
  m_ConstrainProportionsScale: 0
  m_Children: []
  m_Father: {fileID: 4279591316927438692}
  m_RootOrder: -1
  m_LocalEulerAnglesHint: {x: 0, y: 0, z: 0}
--- !u!114 &4882068100879283702
MonoBehaviour:
  m_ObjectHideFlags: 0
  m_CorrespondingSourceObject: {fileID: 0}
  m_PrefabInstance: {fileID: 0}
  m_PrefabAsset: {fileID: 0}
  m_GameObject: {fileID: 7924033769468401427}
  m_Enabled: 1
  m_EditorHideFlags: 0
  m_Script: {fileID: 11500000, guid: c25f2c3c6d52ab744a70ac080b3e3958, type: 3}
  m_Name: 
  m_EditorClassIdentifier: 
  svgPoints:
  - x: 1.4935064935064937
    y: -0
  - x: 1.4869439991236133
    y: -0.13985417268117306
  - x: 1.4673141874115747
    y: -0.27847930186419934
  - x: 1.4347895658615144
    y: -0.414657144929384
  - x: 1.389655962017077
    y: -0.5471909660954323
  - x: 1.3323100116116808
    y: -0.6749160533765245
  - x: 1.263255672919432
    y: -0.7967099541131246
  - x: 1.183099797951686
    y: -0.9115023391263133
  - x: 1.0925467994197655
    y: -1.0182844088090954
  - x: 0.9923924603307076
    y: -1.116117758493622
  - x: 0.883516940617598
    y: -1.204142625185149
  - x: 0.7668770422624265
    y: -1.281585443190151
  - x: 0.6434978008858651
    y: -1.3477656422394495
  - x: 0.5144634776973809
    y: -1.4021016283642138
  - x: 0.3809080309687379
    y: -1.4441158949646606
  - x: 0.24400515076793414
    y: -1.4734392191552315
  - x: 0.10495794452868404
    y: -1.4898139065085871
  - x: -0.03501163590097308
    y: -1.4930960556834914
  - x: -0.17467353281544737
    y: -1.483256823034984
  - x: -0.31280039244294344
    y: -1.4603826760933598
  - x: -0.4481783509745347
    y: -1.4246746336844107
  - x: -0.5796177020429699
    y: -1.3764464993687502
  - x: -0.7059633519050003
    y: -1.3161221037248476
  - x: -0.826104970446726
    y: -1.2442315797106562
  - x: -0.938986748804568
    y: -1.1614067038361235
  - x: -1.043616677851517
    y: -1.0683753440885027
  - x: -1.1390752660090113
    y: -0.9659550634023101
  - x: -1.2245236197719978
    y: -0.8550459348868605
  - x: -1.2992108159352065
    y: -0.73662263195142
  - x: -1.3624805007332876
    y: -0.6117258628402377
  - x: -1.4137766579012983
    y: -0.48145322485107406
  - x: -1.45264849496563
    y: -0.3469495586106901
  - x: -1.4787544048244796
    y: -0.20939688717424526
  - x: -1.4918649678033353
    y: -0.0700040283641965
  - x: -1.4918649678033353
    y: 0.0700040283641965
  - x: -1.4787544048244796
    y: 0.2093968871742438
  - x: -1.45264849496563
    y: 0.3469495586106893
  - x: -1.4137766579012983
    y: 0.48145322485107406
  - x: -1.3624805007332876
    y: 0.6117258628402361
  - x: -1.2992108159352065
    y: 0.73662263195142
  - x: -1.2245236197719978
    y: 0.8550459348868605
  - x: -1.1390752660090127
    y: 0.9659550634023101
  - x: -1.043616677851517
    y: 1.0683753440885027
  - x: -0.938986748804568
    y: 1.1614067038361235
  - x: -0.826104970446726
    y: 1.2442315797106562
  - x: -0.7059633519049987
    y: 1.3161221037248483
  - x: -0.5796177020429699
    y: 1.3764464993687509
  - x: -0.4481783509745347
    y: 1.4246746336844107
  - x: -0.31280039244294344
    y: 1.4603826760933598
  - x: -0.17467353281544884
    y: 1.4832568230349834
  - x: -0.03501163590097308
    y: 1.4930960556834914
  - x: 0.10495794452868404
    y: 1.4898139065085871
  - x: 0.24400515076793414
    y: 1.4734392191552315
  - x: 0.3809080309687379
    y: 1.44411589496466
  - x: 0.5144634776973809
    y: 1.4021016283642138
  - x: 0.6434978008858651
    y: 1.3477656422394502
  - x: 0.7668770422624265
    y: 1.281585443190151
  - x: 0.883516940617598
    y: 1.2041426251851484
  - x: 0.9923924603307076
    y: 1.116117758493622
  - x: 1.0925467994197642
    y: 1.0182844088090954
  - x: 1.183099797951686
    y: 0.9115023391263133
  - x: 1.2632556729194304
    y: 0.7967099541131253
  - x: 1.3323100116116808
    y: 0.6749160533765253
  - x: 1.389655962017077
    y: 0.547190966095433
  - x: 1.4347895658615144
    y: 0.414657144929384
  - x: 1.4673141874115747
    y: 0.27847930186419934
  - x: 1.4869439991236133
    y: 0.1398541726811738
  - x: 817.9946879325182
    y: 412.7312287035496
  - x: 817.9946879325182
    y: 412.7312287035496
  svgCommands: 010000000200000002000000020000000200000002000000020000000200000002000000020000000200000002000000020000000200000002000000020000000200000002000000020000000200000002000000020000000200000002000000020000000200000002000000020000000200000002000000020000000200000002000000020000000200000002000000020000000200000002000000020000000200000002000000020000000200000002000000020000000200000002000000020000000200000002000000020000000200000002000000020000000200000002000000020000000200000002000000020000000200000002000000020000000200000002000000020000005f00000000000000
  reverse: 0
  offset: 0
--- !u!1 &8398007602160083099
GameObject:
  m_ObjectHideFlags: 0
  m_CorrespondingSourceObject: {fileID: 0}
  m_PrefabInstance: {fileID: 0}
  m_PrefabAsset: {fileID: 0}
  serializedVersion: 6
  m_Component:
  - component: {fileID: 3240149677749408218}
  - component: {fileID: 2900404424489205534}
  m_Layer: 0
  m_Name: Path
  m_TagString: Untagged
  m_Icon: {fileID: 0}
  m_NavMeshLayer: 0
  m_StaticEditorFlags: 0
  m_IsActive: 1
--- !u!4 &3240149677749408218
Transform:
  m_ObjectHideFlags: 0
  m_CorrespondingSourceObject: {fileID: 0}
  m_PrefabInstance: {fileID: 0}
  m_PrefabAsset: {fileID: 0}
  m_GameObject: {fileID: 8398007602160083099}
  m_LocalRotation: {x: 0, y: 0, z: 0, w: 1}
  m_LocalPosition: {x: 0, y: 0, z: 0}
  m_LocalScale: {x: 1, y: 1, z: 1}
  m_ConstrainProportionsScale: 0
  m_Children: []
  m_Father: {fileID: 4279591316927438692}
  m_RootOrder: -1
  m_LocalEulerAnglesHint: {x: 0, y: 0, z: 0}
--- !u!114 &2900404424489205534
MonoBehaviour:
  m_ObjectHideFlags: 0
  m_CorrespondingSourceObject: {fileID: 0}
  m_PrefabInstance: {fileID: 0}
  m_PrefabAsset: {fileID: 0}
  m_GameObject: {fileID: 8398007602160083099}
  m_Enabled: 1
  m_EditorHideFlags: 0
  m_Script: {fileID: 11500000, guid: c25f2c3c6d52ab744a70ac080b3e3958, type: 3}
  m_Name: 
  m_EditorClassIdentifier: 
  svgPoints:
  - x: 0
    y: 1.4870129870129871
  - x: 0.39740260235674973
    y: 1.4870129870129871
  - x: 0.7701298602215656
    y: 1.3324675374216848
  - x: 1.051948051948052
    y: 1.051948051948052
  - x: 1.3324675374216848
    y: 0.7714285664744192
  - x: 1.4870129870129871
    y: 0.39740257758598824
  - x: 1.4870129870129871
    y: -0
  - x: 1.4870129870129871
    y: -0.39740260235674973
  - x: 1.3324675374216848
    y: -0.7701298602215656
  - x: 1.051948051948052
    y: -1.051948051948052
  - x: 0.7714285664744192
    y: -1.3324675374216848
  - x: 0.39740257758598824
    y: -1.4870129870129871
  - x: 0
    y: -1.4870129870129871
  - x: -0.39740260235674973
    y: -1.4870129870129871
  - x: -0.7701298602215656
    y: -1.3324675374216848
  - x: -1.051948051948052
    y: -1.051948051948052
  - x: -1.3324675374216848
    y: -0.7714285664744192
  - x: -1.4870129870129871
    y: -0.39740257758598824
  - x: -1.4870129870129871
    y: -0
  - x: -1.4870129870129871
    y: 0.39740260235674973
  - x: -1.3324675374216848
    y: 0.7701298602215656
  - x: -1.051948051948052
    y: 1.051948051948052
  - x: -0.7701297115969968
    y: 1.3324676117339693
  - x: -0.39740228033685066
    y: 1.4870129870129871
  - x: 0
    y: 1.4870129870129871
  - x: 0
    y: 1.5
  - x: 0
    y: 1.5
  - x: -0.8285712700385552
    y: 1.5
  - x: -1.5
    y: 0.8285712700385552
  - x: -1.5
    y: -0
  - x: -1.5
    y: -0
  - x: -1.5
    y: -0.828571418663124
  - x: -0.828571418663124
    y: -1.5
  - x: 0
    y: -1.5
  - x: 0
    y: -1.5
  - x: 0.828571418663124
    y: -1.5
  - x: 1.5
    y: -0.828571418663124
  - x: 1.5
    y: -0
  - x: 1.5
    y: -0
  - x: 1.5
    y: 0.8285712700385552
  - x: 0.8285712700385552
    y: 1.5
  - x: 0
    y: 1.5
  - x: 0
    y: 1.5
  - x: 0
    y: 0
  - x: 0
    y: 0
  svgCommands: 010000000400000004000000040000000400000004000000040000000400000004000000040000000400000004000000040000000400000004000000040000000400000004000000040000000400000004000000040000000400000004000000040000000100000002000000040000000400000004000000020000000400000004000000040000000200000004000000040000000400000002000000040000000400000004000000020000004f00000000000000
  reverse: 0
  offset: 0
--- !u!1001 &1570154158411473964
PrefabInstance:
  m_ObjectHideFlags: 0
  serializedVersion: 2
  m_Modification:
    serializedVersion: 2
    m_TransformParent: {fileID: 1742019353971516658}
    m_Modifications:
    - target: {fileID: 794801451098536653, guid: 5efbd8c274f69974e86b120984fbe81b,
        type: 3}
      propertyPath: cakeColor.b
      value: 0
      objectReference: {fileID: 0}
    - target: {fileID: 794801451098536653, guid: 5efbd8c274f69974e86b120984fbe81b,
        type: 3}
      propertyPath: cakeColor.g
      value: 0.052307118
      objectReference: {fileID: 0}
    - target: {fileID: 794801451098536653, guid: 5efbd8c274f69974e86b120984fbe81b,
        type: 3}
      propertyPath: cakeColor.r
      value: 0.3773585
      objectReference: {fileID: 0}
    - target: {fileID: 794801451098536653, guid: 5efbd8c274f69974e86b120984fbe81b,
        type: 3}
      propertyPath: toppingColor.b
      value: 0.0006045395
      objectReference: {fileID: 0}
    - target: {fileID: 794801451098536653, guid: 5efbd8c274f69974e86b120984fbe81b,
        type: 3}
      propertyPath: toppingColor.g
      value: 0.043675352
      objectReference: {fileID: 0}
    - target: {fileID: 794801451098536653, guid: 5efbd8c274f69974e86b120984fbe81b,
        type: 3}
      propertyPath: toppingColor.r
      value: 0.16981131
      objectReference: {fileID: 0}
    - target: {fileID: 1341202605574904496, guid: 5efbd8c274f69974e86b120984fbe81b,
        type: 3}
      propertyPath: m_Name
      value: CircleLSharp
      objectReference: {fileID: 0}
    - target: {fileID: 1850493022598292239, guid: 5efbd8c274f69974e86b120984fbe81b,
        type: 3}
      propertyPath: m_LocalPosition.y
      value: 0.23
      objectReference: {fileID: 0}
    - target: {fileID: 1850493023616799394, guid: 5efbd8c274f69974e86b120984fbe81b,
        type: 3}
      propertyPath: m_LocalPosition.x
      value: 0.082
      objectReference: {fileID: 0}
    - target: {fileID: 1850493023616799394, guid: 5efbd8c274f69974e86b120984fbe81b,
        type: 3}
      propertyPath: m_LocalPosition.y
      value: 2.008
      objectReference: {fileID: 0}
    - target: {fileID: 1850493023616799394, guid: 5efbd8c274f69974e86b120984fbe81b,
        type: 3}
      propertyPath: m_LocalPosition.z
      value: -1.664
      objectReference: {fileID: 0}
    - target: {fileID: 6955690194484411392, guid: 5efbd8c274f69974e86b120984fbe81b,
        type: 3}
      propertyPath: m_RootOrder
      value: 0
      objectReference: {fileID: 0}
    - target: {fileID: 6955690194484411392, guid: 5efbd8c274f69974e86b120984fbe81b,
        type: 3}
      propertyPath: m_LocalScale.x
      value: 1
      objectReference: {fileID: 0}
    - target: {fileID: 6955690194484411392, guid: 5efbd8c274f69974e86b120984fbe81b,
        type: 3}
      propertyPath: m_LocalPosition.x
      value: 0
      objectReference: {fileID: 0}
    - target: {fileID: 6955690194484411392, guid: 5efbd8c274f69974e86b120984fbe81b,
        type: 3}
      propertyPath: m_LocalPosition.y
      value: 0
      objectReference: {fileID: 0}
    - target: {fileID: 6955690194484411392, guid: 5efbd8c274f69974e86b120984fbe81b,
        type: 3}
      propertyPath: m_LocalPosition.z
      value: 0
      objectReference: {fileID: 0}
    - target: {fileID: 6955690194484411392, guid: 5efbd8c274f69974e86b120984fbe81b,
        type: 3}
      propertyPath: m_LocalRotation.w
      value: 1
      objectReference: {fileID: 0}
    - target: {fileID: 6955690194484411392, guid: 5efbd8c274f69974e86b120984fbe81b,
        type: 3}
      propertyPath: m_LocalRotation.x
      value: 0
      objectReference: {fileID: 0}
    - target: {fileID: 6955690194484411392, guid: 5efbd8c274f69974e86b120984fbe81b,
        type: 3}
      propertyPath: m_LocalRotation.y
      value: 0
      objectReference: {fileID: 0}
    - target: {fileID: 6955690194484411392, guid: 5efbd8c274f69974e86b120984fbe81b,
        type: 3}
      propertyPath: m_LocalRotation.z
      value: 0
      objectReference: {fileID: 0}
    - target: {fileID: 6955690194484411392, guid: 5efbd8c274f69974e86b120984fbe81b,
        type: 3}
      propertyPath: m_LocalEulerAnglesHint.x
      value: 0
      objectReference: {fileID: 0}
    - target: {fileID: 6955690194484411392, guid: 5efbd8c274f69974e86b120984fbe81b,
        type: 3}
      propertyPath: m_LocalEulerAnglesHint.y
      value: 0
      objectReference: {fileID: 0}
    - target: {fileID: 6955690194484411392, guid: 5efbd8c274f69974e86b120984fbe81b,
        type: 3}
      propertyPath: m_LocalEulerAnglesHint.z
      value: 0
      objectReference: {fileID: 0}
    m_RemovedComponents: []
    m_AddedGameObjects:
    - targetCorrespondingSourceObject: {fileID: 1850493022598292239, guid: 5efbd8c274f69974e86b120984fbe81b,
        type: 3}
      insertIndex: -1
      addedObject: {fileID: 4279591316927438692}
  m_SourcePrefab: {fileID: 100100000, guid: 5efbd8c274f69974e86b120984fbe81b, type: 3}
--- !u!4 &892851248262842147 stripped
Transform:
  m_CorrespondingSourceObject: {fileID: 1850493022598292239, guid: 5efbd8c274f69974e86b120984fbe81b,
    type: 3}
  m_PrefabInstance: {fileID: 1570154158411473964}
  m_PrefabAsset: {fileID: 0}
--- !u!114 &2219708738129272545 stripped
MonoBehaviour:
  m_CorrespondingSourceObject: {fileID: 794801451098536653, guid: 5efbd8c274f69974e86b120984fbe81b,
    type: 3}
  m_PrefabInstance: {fileID: 1570154158411473964}
  m_PrefabAsset: {fileID: 0}
  m_GameObject: {fileID: 0}
  m_Enabled: 0
  m_EditorHideFlags: 0
  m_Script: {fileID: 11500000, guid: d931adf55ff26eb4dab04b81b53ef544, type: 3}
  m_Name: 
  m_EditorClassIdentifier: 
--- !u!4 &8452655627659827244 stripped
Transform:
  m_CorrespondingSourceObject: {fileID: 6955690194484411392, guid: 5efbd8c274f69974e86b120984fbe81b,
    type: 3}
  m_PrefabInstance: {fileID: 1570154158411473964}
  m_PrefabAsset: {fileID: 0}
--- !u!1001 &3466837000571836316
PrefabInstance:
  m_ObjectHideFlags: 0
  serializedVersion: 2
  m_Modification:
    serializedVersion: 2
    m_TransformParent: {fileID: 1742019353971516658}
    m_Modifications:
    - target: {fileID: 794801451098536653, guid: 5efbd8c274f69974e86b120984fbe81b,
        type: 3}
      propertyPath: cakeColor.b
      value: 0
      objectReference: {fileID: 0}
    - target: {fileID: 794801451098536653, guid: 5efbd8c274f69974e86b120984fbe81b,
        type: 3}
      propertyPath: cakeColor.g
      value: 0.050980393
      objectReference: {fileID: 0}
    - target: {fileID: 794801451098536653, guid: 5efbd8c274f69974e86b120984fbe81b,
        type: 3}
      propertyPath: cakeColor.r
      value: 0.3764706
      objectReference: {fileID: 0}
    - target: {fileID: 794801451098536653, guid: 5efbd8c274f69974e86b120984fbe81b,
        type: 3}
      propertyPath: toppingColor.b
      value: 0.7735849
      objectReference: {fileID: 0}
    - target: {fileID: 794801451098536653, guid: 5efbd8c274f69974e86b120984fbe81b,
        type: 3}
      propertyPath: toppingColor.g
      value: 0.0100519555
      objectReference: {fileID: 0}
    - target: {fileID: 794801451098536653, guid: 5efbd8c274f69974e86b120984fbe81b,
        type: 3}
      propertyPath: toppingColor.r
      value: 0.103058964
      objectReference: {fileID: 0}
    - target: {fileID: 794801451098536653, guid: 5efbd8c274f69974e86b120984fbe81b,
        type: 3}
      propertyPath: surfaces.Array.data[0]
      value: 
      objectReference: {fileID: 3004719518758421821}
    - target: {fileID: 794801451098536653, guid: 5efbd8c274f69974e86b120984fbe81b,
        type: 3}
      propertyPath: surfaces.Array.data[1]
      value: 
      objectReference: {fileID: 3004719519845102738}
    - target: {fileID: 1341202605574904496, guid: 5efbd8c274f69974e86b120984fbe81b,
        type: 3}
      propertyPath: m_Name
      value: CircleMSharp
      objectReference: {fileID: 0}
    - target: {fileID: 1850493022598292239, guid: 5efbd8c274f69974e86b120984fbe81b,
        type: 3}
      propertyPath: m_LocalPosition.x
      value: -0.02
      objectReference: {fileID: 0}
    - target: {fileID: 1850493022598292239, guid: 5efbd8c274f69974e86b120984fbe81b,
        type: 3}
      propertyPath: m_LocalPosition.y
      value: 0.89399993
      objectReference: {fileID: 0}
    - target: {fileID: 1850493022598292239, guid: 5efbd8c274f69974e86b120984fbe81b,
        type: 3}
      propertyPath: m_LocalPosition.z
      value: -0.08
      objectReference: {fileID: 0}
    - target: {fileID: 1850493022598292239, guid: 5efbd8c274f69974e86b120984fbe81b,
        type: 3}
      propertyPath: m_LocalRotation.w
      value: 0.7071068
      objectReference: {fileID: 0}
    - target: {fileID: 1850493022598292239, guid: 5efbd8c274f69974e86b120984fbe81b,
        type: 3}
      propertyPath: m_LocalRotation.x
      value: 0.7071068
      objectReference: {fileID: 0}
    - target: {fileID: 1850493022598292239, guid: 5efbd8c274f69974e86b120984fbe81b,
        type: 3}
      propertyPath: m_LocalRotation.y
      value: 0
      objectReference: {fileID: 0}
    - target: {fileID: 1850493022598292239, guid: 5efbd8c274f69974e86b120984fbe81b,
        type: 3}
      propertyPath: m_LocalRotation.z
      value: 0
      objectReference: {fileID: 0}
    - target: {fileID: 1850493022598292239, guid: 5efbd8c274f69974e86b120984fbe81b,
        type: 3}
      propertyPath: m_LocalEulerAnglesHint.z
      value: 0
      objectReference: {fileID: 0}
    - target: {fileID: 1850493023616799394, guid: 5efbd8c274f69974e86b120984fbe81b,
        type: 3}
      propertyPath: m_LocalPosition.z
      value: -1.743
      objectReference: {fileID: 0}
    - target: {fileID: 3475336908579597483, guid: 5efbd8c274f69974e86b120984fbe81b,
        type: 3}
      propertyPath: m_LocalScale.x
      value: 0.9
      objectReference: {fileID: 0}
    - target: {fileID: 3475336908579597483, guid: 5efbd8c274f69974e86b120984fbe81b,
        type: 3}
      propertyPath: m_LocalScale.y
      value: 0.9
      objectReference: {fileID: 0}
    - target: {fileID: 3475336908579597483, guid: 5efbd8c274f69974e86b120984fbe81b,
        type: 3}
      propertyPath: m_LocalScale.z
      value: 0.9
      objectReference: {fileID: 0}
    - target: {fileID: 6955690194484411392, guid: 5efbd8c274f69974e86b120984fbe81b,
        type: 3}
      propertyPath: m_RootOrder
      value: 0
      objectReference: {fileID: 0}
    - target: {fileID: 6955690194484411392, guid: 5efbd8c274f69974e86b120984fbe81b,
        type: 3}
      propertyPath: m_LocalScale.x
      value: 0.8
      objectReference: {fileID: 0}
    - target: {fileID: 6955690194484411392, guid: 5efbd8c274f69974e86b120984fbe81b,
        type: 3}
      propertyPath: m_LocalScale.y
      value: 0.8
      objectReference: {fileID: 0}
    - target: {fileID: 6955690194484411392, guid: 5efbd8c274f69974e86b120984fbe81b,
        type: 3}
      propertyPath: m_LocalScale.z
      value: 0.8
      objectReference: {fileID: 0}
    - target: {fileID: 6955690194484411392, guid: 5efbd8c274f69974e86b120984fbe81b,
        type: 3}
      propertyPath: m_LocalPosition.x
      value: 0
      objectReference: {fileID: 0}
    - target: {fileID: 6955690194484411392, guid: 5efbd8c274f69974e86b120984fbe81b,
        type: 3}
      propertyPath: m_LocalPosition.y
      value: 1.01
      objectReference: {fileID: 0}
    - target: {fileID: 6955690194484411392, guid: 5efbd8c274f69974e86b120984fbe81b,
        type: 3}
      propertyPath: m_LocalPosition.z
      value: 0
      objectReference: {fileID: 0}
    - target: {fileID: 6955690194484411392, guid: 5efbd8c274f69974e86b120984fbe81b,
        type: 3}
      propertyPath: m_LocalRotation.w
      value: 1
      objectReference: {fileID: 0}
    - target: {fileID: 6955690194484411392, guid: 5efbd8c274f69974e86b120984fbe81b,
        type: 3}
      propertyPath: m_LocalRotation.x
      value: 0
      objectReference: {fileID: 0}
    - target: {fileID: 6955690194484411392, guid: 5efbd8c274f69974e86b120984fbe81b,
        type: 3}
      propertyPath: m_LocalRotation.y
      value: 0
      objectReference: {fileID: 0}
    - target: {fileID: 6955690194484411392, guid: 5efbd8c274f69974e86b120984fbe81b,
        type: 3}
      propertyPath: m_LocalRotation.z
      value: 0
      objectReference: {fileID: 0}
    - target: {fileID: 6955690194484411392, guid: 5efbd8c274f69974e86b120984fbe81b,
        type: 3}
      propertyPath: m_LocalEulerAnglesHint.x
      value: 0
      objectReference: {fileID: 0}
    - target: {fileID: 6955690194484411392, guid: 5efbd8c274f69974e86b120984fbe81b,
        type: 3}
      propertyPath: m_LocalEulerAnglesHint.y
      value: 0
      objectReference: {fileID: 0}
    - target: {fileID: 6955690194484411392, guid: 5efbd8c274f69974e86b120984fbe81b,
        type: 3}
      propertyPath: m_LocalEulerAnglesHint.z
      value: 0
      objectReference: {fileID: 0}
    m_RemovedComponents: []
    m_AddedGameObjects:
    - targetCorrespondingSourceObject: {fileID: 1850493023616799394, guid: 5efbd8c274f69974e86b120984fbe81b,
        type: 3}
      insertIndex: 0
      addedObject: {fileID: 2460175546352787250}
    - targetCorrespondingSourceObject: {fileID: 1850493023616799394, guid: 5efbd8c274f69974e86b120984fbe81b,
        type: 3}
      insertIndex: 1
      addedObject: {fileID: 1075297898856541544}
    - targetCorrespondingSourceObject: {fileID: 1850493023616799394, guid: 5efbd8c274f69974e86b120984fbe81b,
        type: 3}
      insertIndex: 2
      addedObject: {fileID: 7149012894660046589}
    - targetCorrespondingSourceObject: {fileID: 1850493022598292239, guid: 5efbd8c274f69974e86b120984fbe81b,
        type: 3}
      insertIndex: -1
      addedObject: {fileID: 1559835483691113260}
    - targetCorrespondingSourceObject: {fileID: 1850493022598292239, guid: 5efbd8c274f69974e86b120984fbe81b,
        type: 3}
      insertIndex: -1
      addedObject: {fileID: 5800738631319594019}
    - targetCorrespondingSourceObject: {fileID: 1850493022598292239, guid: 5efbd8c274f69974e86b120984fbe81b,
        type: 3}
      insertIndex: -1
      addedObject: {fileID: 6940974903600074773}
  m_SourcePrefab: {fileID: 100100000, guid: 5efbd8c274f69974e86b120984fbe81b, type: 3}
--- !u!114 &3004719518758421821 stripped
MonoBehaviour:
  m_CorrespondingSourceObject: {fileID: 1850493023616799393, guid: 5efbd8c274f69974e86b120984fbe81b,
    type: 3}
  m_PrefabInstance: {fileID: 3466837000571836316}
  m_PrefabAsset: {fileID: 0}
  m_GameObject: {fileID: 0}
  m_Enabled: 1
  m_EditorHideFlags: 0
  m_Script: {fileID: 11500000, guid: bbdcdcb3463bc974ea721be882390268, type: 3}
  m_Name: 
  m_EditorClassIdentifier: 
--- !u!4 &3004719518758421822 stripped
Transform:
  m_CorrespondingSourceObject: {fileID: 1850493023616799394, guid: 5efbd8c274f69974e86b120984fbe81b,
    type: 3}
  m_PrefabInstance: {fileID: 3466837000571836316}
  m_PrefabAsset: {fileID: 0}
--- !u!114 &3004719519845102738 stripped
MonoBehaviour:
  m_CorrespondingSourceObject: {fileID: 1850493022598292238, guid: 5efbd8c274f69974e86b120984fbe81b,
    type: 3}
  m_PrefabInstance: {fileID: 3466837000571836316}
  m_PrefabAsset: {fileID: 0}
  m_GameObject: {fileID: 0}
  m_Enabled: 1
  m_EditorHideFlags: 0
  m_Script: {fileID: 11500000, guid: bbdcdcb3463bc974ea721be882390268, type: 3}
  m_Name: 
  m_EditorClassIdentifier: 
--- !u!4 &3004719519845102739 stripped
Transform:
  m_CorrespondingSourceObject: {fileID: 1850493022598292239, guid: 5efbd8c274f69974e86b120984fbe81b,
    type: 3}
  m_PrefabInstance: {fileID: 3466837000571836316}
  m_PrefabAsset: {fileID: 0}
--- !u!114 &4259031232273362257 stripped
MonoBehaviour:
  m_CorrespondingSourceObject: {fileID: 794801451098536653, guid: 5efbd8c274f69974e86b120984fbe81b,
    type: 3}
  m_PrefabInstance: {fileID: 3466837000571836316}
  m_PrefabAsset: {fileID: 0}
  m_GameObject: {fileID: 0}
  m_Enabled: 0
  m_EditorHideFlags: 0
  m_Script: {fileID: 11500000, guid: d931adf55ff26eb4dab04b81b53ef544, type: 3}
  m_Name: 
  m_EditorClassIdentifier: 
--- !u!4 &5808304877870967708 stripped
Transform:
  m_CorrespondingSourceObject: {fileID: 6955690194484411392, guid: 5efbd8c274f69974e86b120984fbe81b,
    type: 3}
  m_PrefabInstance: {fileID: 3466837000571836316}
  m_PrefabAsset: {fileID: 0}
