%YAML 1.1
%TAG !u! tag:unity3d.com,2011:
--- !u!1 &311964109591061445
GameObject:
  m_ObjectHideFlags: 0
  m_CorrespondingSourceObject: {fileID: 0}
  m_PrefabInstance: {fileID: 0}
  m_PrefabAsset: {fileID: 0}
  serializedVersion: 6
  m_Component:
  - component: {fileID: 708632864514696123}
  - component: {fileID: 6048287351145403007}
  m_Layer: 8
  m_Name: MirrorGlaze
  m_TagString: Untagged
  m_Icon: {fileID: 0}
  m_NavMeshLayer: 0
  m_StaticEditorFlags: 0
  m_IsActive: 1
--- !u!4 &708632864514696123
Transform:
  m_ObjectHideFlags: 0
  m_CorrespondingSourceObject: {fileID: 0}
  m_PrefabInstance: {fileID: 0}
  m_PrefabAsset: {fileID: 0}
  m_GameObject: {fileID: 311964109591061445}
  m_LocalRotation: {x: -0, y: -0, z: -0, w: 1}
  m_LocalPosition: {x: -0.07, y: 0, z: 0}
  m_LocalScale: {x: 1, y: 1, z: 1}
  m_Children: []
  m_Father: {fileID: 6739601077393007300}
  m_RootOrder: 3
  m_LocalEulerAnglesHint: {x: 0, y: 0, z: 0}
--- !u!114 &6048287351145403007
MonoBehaviour:
  m_ObjectHideFlags: 0
  m_CorrespondingSourceObject: {fileID: 0}
  m_PrefabInstance: {fileID: 0}
  m_PrefabAsset: {fileID: 0}
  m_GameObject: {fileID: 311964109591061445}
  m_Enabled: 1
  m_EditorHideFlags: 0
  m_Script: {fileID: 11500000, guid: 6ae0fbce81d0c7142bf05ed7d1976b9a, type: 3}
  m_Name: 
  m_EditorClassIdentifier: 
  options:
  - pattern: {fileID: 21300000, guid: d999196c82b17d64b80f0bb631196d82, type: 3}
  - pattern: {fileID: 21300000, guid: bf9dc566c3bdd1141b04df92fb77ee1e, type: 3}
  - pattern: {fileID: 21300000, guid: a7af9b8b654a88949a724ad3e6670392, type: 3}
  correctOption: 0
--- !u!1 &619235751255370656
GameObject:
  m_ObjectHideFlags: 0
  m_CorrespondingSourceObject: {fileID: 0}
  m_PrefabInstance: {fileID: 0}
  m_PrefabAsset: {fileID: 0}
  serializedVersion: 6
  m_Component:
  - component: {fileID: 1903391396436006604}
  - component: {fileID: 4757917947454580641}
  m_Layer: 8
  m_Name: Option
  m_TagString: Untagged
  m_Icon: {fileID: 0}
  m_NavMeshLayer: 0
  m_StaticEditorFlags: 0
  m_IsActive: 1
--- !u!4 &1903391396436006604
Transform:
  m_ObjectHideFlags: 0
  m_CorrespondingSourceObject: {fileID: 0}
  m_PrefabInstance: {fileID: 0}
  m_PrefabAsset: {fileID: 0}
  m_GameObject: {fileID: 619235751255370656}
  m_LocalRotation: {x: -0, y: -0, z: -0, w: 1}
  m_LocalPosition: {x: 0, y: 0, z: 0}
  m_LocalScale: {x: 1, y: 1, z: 1}
  m_Children: []
  m_Father: {fileID: 280355573928859835}
  m_RootOrder: 2
  m_LocalEulerAnglesHint: {x: 0, y: 0, z: 0}
--- !u!114 &4757917947454580641
MonoBehaviour:
  m_ObjectHideFlags: 0
  m_CorrespondingSourceObject: {fileID: 0}
  m_PrefabInstance: {fileID: 0}
  m_PrefabAsset: {fileID: 0}
  m_GameObject: {fileID: 619235751255370656}
  m_Enabled: 0
  m_EditorHideFlags: 0
  m_Script: {fileID: 11500000, guid: 552fb6fa4deaccb46ba7fa59819fc06a, type: 3}
  m_Name: 
  m_EditorClassIdentifier: 
  special: 0
  objects:
  - {fileID: 114986966024178736, guid: ab37bdefbae5a66439cc1215a71ecb11, type: 3}
  - {fileID: 2647852329520218456, guid: 8d4f907bba59f6e42b73731e08670013, type: 3}
  objectSizeX:
    serializedVersion: 2
    m_Curve:
    - serializedVersion: 3
      time: 0
      value: 0.05
      inSlope: 0
      outSlope: 0
      tangentMode: 0
      weightedMode: 3
      inWeight: 0
      outWeight: 0
    - serializedVersion: 3
      time: 1
      value: 0.06
      inSlope: 0
      outSlope: 0
      tangentMode: 0
      weightedMode: 3
      inWeight: 0
      outWeight: 0
    m_PreInfinity: 2
    m_PostInfinity: 2
    m_RotationOrder: 4
  objectSizeY:
    serializedVersion: 2
    m_Curve:
    - serializedVersion: 3
      time: 0
      value: 0.05
      inSlope: 0
      outSlope: 0
      tangentMode: 0
      weightedMode: 3
      inWeight: 0
      outWeight: 0
    - serializedVersion: 3
      time: 1
      value: 0.06
      inSlope: 0
      outSlope: 0
      tangentMode: 0
      weightedMode: 3
      inWeight: 0
      outWeight: 0
    m_PreInfinity: 2
    m_PostInfinity: 2
    m_RotationOrder: 4
  objectSizeZ:
    serializedVersion: 2
    m_Curve:
    - serializedVersion: 3
      time: 0
      value: 0.05
      inSlope: 0
      outSlope: 0
      tangentMode: 0
      weightedMode: 3
      inWeight: 0
      outWeight: 0
    - serializedVersion: 3
      time: 1
      value: 0.06
      inSlope: 0
      outSlope: 0
      tangentMode: 0
      weightedMode: 3
      inWeight: 0
      outWeight: 0
    m_PreInfinity: 2
    m_PostInfinity: 2
    m_RotationOrder: 4
  rotationX:
    serializedVersion: 2
    m_Curve:
    - serializedVersion: 3
      time: 0
      value: 0
      inSlope: 0
      outSlope: 0
      tangentMode: 0
      weightedMode: 3
      inWeight: 0
      outWeight: 0
    - serializedVersion: 3
      time: 1
      value: 0
      inSlope: 0
      outSlope: 0
      tangentMode: 0
      weightedMode: 3
      inWeight: 0
      outWeight: 0
    m_PreInfinity: 2
    m_PostInfinity: 2
    m_RotationOrder: 4
  rotationY:
    serializedVersion: 2
    m_Curve:
    - serializedVersion: 3
      time: 0
      value: 0
      inSlope: 0
      outSlope: 0
      tangentMode: 0
      weightedMode: 3
      inWeight: 0
      outWeight: 0
    - serializedVersion: 3
      time: 1
      value: 0
      inSlope: 0
      outSlope: 0
      tangentMode: 0
      weightedMode: 3
      inWeight: 0
      outWeight: 0
    m_PreInfinity: 2
    m_PostInfinity: 2
    m_RotationOrder: 4
  rotationZ:
    serializedVersion: 2
    m_Curve:
    - serializedVersion: 3
      time: 0
      value: 0
      inSlope: 0
      outSlope: 0
      tangentMode: 0
      weightedMode: 3
      inWeight: 0
      outWeight: 0
    - serializedVersion: 3
      time: 1
      value: 360
      inSlope: 0
      outSlope: 0
      tangentMode: 0
      weightedMode: 3
      inWeight: 0
      outWeight: 0
    m_PreInfinity: 2
    m_PostInfinity: 2
    m_RotationOrder: 4
  color:
    serializedVersion: 2
    key0: {r: 0.07843137, g: 0.4779123, b: 1, a: 1}
    key1: {r: 0.07843137, g: 0.4779123, b: 1, a: 1}
    key2: {r: 1, g: 0.8209606, b: 0.07843137, a: 0}
    key3: {r: 1, g: 0.8209606, b: 0.07843137, a: 0}
    key4: {r: 1, g: 0.8209606, b: 0.07843137, a: 0}
    key5: {r: 1, g: 0.8209606, b: 0.07843137, a: 0}
    key6: {r: 1, g: 0.8209606, b: 0.07843137, a: 0}
    key7: {r: 0, g: 0, b: 0, a: 0}
    ctime0: 0
    ctime1: 65535
    ctime2: 64571
    ctime3: 64571
    ctime4: 64571
    ctime5: 64571
    ctime6: 64571
    ctime7: 0
    atime0: 0
    atime1: 65535
    atime2: 0
    atime3: 0
    atime4: 0
    atime5: 0
    atime6: 0
    atime7: 0
    m_Mode: 0
    m_NumColorKeys: 2
    m_NumAlphaKeys: 2
  spacing: 0.1
  radius: 0.4
  count: 2
  sprinklePreviewType: 0
--- !u!1 &1091807545919204431
GameObject:
  m_ObjectHideFlags: 0
  m_CorrespondingSourceObject: {fileID: 0}
  m_PrefabInstance: {fileID: 0}
  m_PrefabAsset: {fileID: 0}
  serializedVersion: 6
  m_Component:
  - component: {fileID: 29554155266796421}
  - component: {fileID: 5100277010723354344}
  - component: {fileID: 9156975310684900515}
  - component: {fileID: 8812847993759635929}
  m_Layer: 8
  m_Name: Stroke Manual 2
  m_TagString: Untagged
  m_Icon: {fileID: 0}
  m_NavMeshLayer: 0
  m_StaticEditorFlags: 0
  m_IsActive: 1
--- !u!4 &29554155266796421
Transform:
  m_ObjectHideFlags: 0
  m_CorrespondingSourceObject: {fileID: 0}
  m_PrefabInstance: {fileID: 0}
  m_PrefabAsset: {fileID: 0}
  m_GameObject: {fileID: 1091807545919204431}
  m_LocalRotation: {x: 0, y: 0, z: 0, w: 1}
  m_LocalPosition: {x: -0.478, y: -0.164, z: 0}
  m_LocalScale: {x: 0.8, y: 0.8, z: 0.8}
  m_Children: []
  m_Father: {fileID: 6739601077393007300}
  m_RootOrder: 6
  m_LocalEulerAnglesHint: {x: 0, y: 0, z: 0}
--- !u!114 &5100277010723354344
MonoBehaviour:
  m_ObjectHideFlags: 0
  m_CorrespondingSourceObject: {fileID: 0}
  m_PrefabInstance: {fileID: 0}
  m_PrefabAsset: {fileID: 0}
  m_GameObject: {fileID: 1091807545919204431}
  m_Enabled: 1
  m_EditorHideFlags: 0
  m_Script: {fileID: 11500000, guid: 5120595cb07379d488e526d799bc1e6d, type: 3}
  m_Name: 
  m_EditorClassIdentifier: 
  path: {fileID: 8812847993759635929}
  sections:
  - weight: 1
    colors: 00000000
  options:
  - colors:
    - {r: 0.2830189, g: 0.2830189, b: 0.2830189, a: 1}
    gradient: 0
  - colors:
    - {r: 0.8207547, g: 0, b: 0.05043773, a: 1}
    gradient: 0
  - colors:
    - {r: 0.96762913, g: 1, b: 0.2028302, a: 1}
    gradient: 0
  brush: {fileID: 9156975310684900515}
  material: {fileID: 2100000, guid: 108036d14a7415f4b95df06c69a79ceb, type: 2}
--- !u!114 &9156975310684900515
MonoBehaviour:
  m_ObjectHideFlags: 0
  m_CorrespondingSourceObject: {fileID: 0}
  m_PrefabInstance: {fileID: 0}
  m_PrefabAsset: {fileID: 0}
  m_GameObject: {fileID: 1091807545919204431}
  m_Enabled: 1
  m_EditorHideFlags: 0
  m_Script: {fileID: 11500000, guid: f6202143f93329f4596fcd4f38f4496e, type: 3}
  m_Name: 
  m_EditorClassIdentifier: 
  tip: {fileID: 4760252478746094373, guid: b72e6a18647e9bf4ea30f272a119c269, type: 3}
  size:
    serializedVersion: 2
    m_Curve:
    - serializedVersion: 3
      time: 0
      value: 0.2
      inSlope: 0
      outSlope: 0
      tangentMode: 0
      weightedMode: 3
      inWeight: 0
      outWeight: 0
    - serializedVersion: 3
      time: 0.9923706
      value: 0.24919434
      inSlope: 0
      outSlope: 0
      tangentMode: 0
      weightedMode: 3
      inWeight: 0
      outWeight: 0
    m_PreInfinity: 2
    m_PostInfinity: 2
    m_RotationOrder: 4
  twist: 0.5
--- !u!114 &8812847993759635929
MonoBehaviour:
  m_ObjectHideFlags: 0
  m_CorrespondingSourceObject: {fileID: 0}
  m_PrefabInstance: {fileID: 0}
  m_PrefabAsset: {fileID: 0}
  m_GameObject: {fileID: 1091807545919204431}
  m_Enabled: 1
  m_EditorHideFlags: 0
  m_Script: {fileID: 11500000, guid: c25f2c3c6d52ab744a70ac080b3e3958, type: 3}
  m_Name: 
  m_EditorClassIdentifier: 
  svgPoints:
  - x: -0.2439915640780423
    y: -0.7518286244069662
  - x: -0.07993723009341519
    y: -0.7560083527744127
  - x: 0.061128610171109946
    y: -0.8615464924175144
  - x: 0.10397080935464016
    y: -1.0078369830982454
  - x: 0.157262344248953
    y: -1.190700096449159
  - x: 0.04545461407887266
    y: -1.3955067674577843
  - x: -0.14158822857372969
    y: -1.4487983272652192
  - x: -0.31818174548079825
    y: -1.5
  - x: -0.5083593714074499
    y: -1.401776383832127
  - x: -0.571055295984906
    y: -1.2387669759446416
  - x: -0.6180772394179982
    y: -1.1154649889492614
  - x: -0.5950887332413352
    y: -0.9451410585207892
  - x: -0.47910127127825397
    y: -0.8646813006046857
  - x: -0.32131652377222314
    y: -0.7549634325941376
  - x: -0.05590378038042507
    y: -0.8531870475163542
  - x: -0.008881836947332966
    y: -1.0235109742078583
  - x: 0.020376260690550787
    y: -1.1269592457745612
  - x: -0.026645682742541314
    y: -1.278474396836747
  - x: -0.14158820864323202
    y: -1.3213166159507748
  - x: -0.27533951640152154
    y: -1.370428421543399
  - x: -0.4414837225109296
    y: -1.2554858931513961
  - x: -0.4529779594057317
    y: -1.1311389700936254
  - x: -0.45924755211260854
    y: -1.0684430455161693
  - x: -0.4278995885782244
    y: -0.983803543350504
  - x: -0.355799274317625
    y: -0.9566353053808402
  - x: -0.27847429967557086
    y: -0.9273772077429564
  - x: -0.16875643664764703
    y: -0.9712643541997821
  - x: -0.15621724375995674
    y: -1.0485893300874922
  - x: -0.14785778702506364
    y: -1.098746071742507
  - x: -0.18129561458746407
    y: -1.1541274737789764
  - x: -0.23772194770369948
    y: -1.1875652982272364
  - x: 707.1000022888184
    y: 512.6999998092651
  svgCommands: 0100000004000000040000000400000004000000040000000400000004000000040000000400000004000000040000000400000004000000040000000400000004000000040000000400000004000000040000000400000004000000040000000400000004000000040000000400000004000000040000000400000000000000
  reverse: 0
  offset: 0
--- !u!1 &1162303135763993208
GameObject:
  m_ObjectHideFlags: 0
  m_CorrespondingSourceObject: {fileID: 0}
  m_PrefabInstance: {fileID: 0}
  m_PrefabAsset: {fileID: 0}
  serializedVersion: 6
  m_Component:
  - component: {fileID: 3343529171536944725}
  - component: {fileID: 1117479168190762043}
  m_Layer: 8
  m_Name: Sprinkles Manual
  m_TagString: Untagged
  m_Icon: {fileID: 0}
  m_NavMeshLayer: 0
  m_StaticEditorFlags: 0
  m_IsActive: 1
--- !u!4 &3343529171536944725
Transform:
  m_ObjectHideFlags: 0
  m_CorrespondingSourceObject: {fileID: 0}
  m_PrefabInstance: {fileID: 0}
  m_PrefabAsset: {fileID: 0}
  m_GameObject: {fileID: 1162303135763993208}
  m_LocalRotation: {x: 0, y: 0, z: 0, w: 1}
  m_LocalPosition: {x: 0.162, y: -0.315, z: 0}
  m_LocalScale: {x: 1, y: 1, z: 1}
  m_Children:
  - {fileID: 280355573928859835}
  - {fileID: 5868972143294504123}
  m_Father: {fileID: 6739601077393007300}
  m_RootOrder: 7
  m_LocalEulerAnglesHint: {x: 0, y: 0, z: 0}
--- !u!114 &1117479168190762043
MonoBehaviour:
  m_ObjectHideFlags: 0
  m_CorrespondingSourceObject: {fileID: 0}
  m_PrefabInstance: {fileID: 0}
  m_PrefabAsset: {fileID: 0}
  m_GameObject: {fileID: 1162303135763993208}
  m_Enabled: 1
  m_EditorHideFlags: 0
  m_Script: {fileID: 11500000, guid: 2179359cc2a883a438dca2c78b5c9308, type: 3}
  m_Name: 
  m_EditorClassIdentifier: 
  paths:
  - path: {fileID: 8684236357047564129}
    sections:
    - weight: 1
      options: 00000000
    magnet: 0
  options:
  - {fileID: 8449366981362375543}
  - {fileID: 8948075221205323404}
  physicsEnabled: 0
  bonus: 0
--- !u!1 &1317587981694027767
GameObject:
  m_ObjectHideFlags: 0
  m_CorrespondingSourceObject: {fileID: 0}
  m_PrefabInstance: {fileID: 0}
  m_PrefabAsset: {fileID: 0}
  serializedVersion: 6
  m_Component:
  - component: {fileID: 4422610146969317319}
  - component: {fileID: 8948075221205323404}
  m_Layer: 8
  m_Name: Option
  m_TagString: Untagged
  m_Icon: {fileID: 0}
  m_NavMeshLayer: 0
  m_StaticEditorFlags: 0
  m_IsActive: 1
--- !u!4 &4422610146969317319
Transform:
  m_ObjectHideFlags: 0
  m_CorrespondingSourceObject: {fileID: 0}
  m_PrefabInstance: {fileID: 0}
  m_PrefabAsset: {fileID: 0}
  m_GameObject: {fileID: 1317587981694027767}
  m_LocalRotation: {x: -0, y: -0, z: -0, w: 1}
  m_LocalPosition: {x: 0, y: 0, z: 0}
  m_LocalScale: {x: 1, y: 1, z: 1}
  m_Children: []
  m_Father: {fileID: 280355573928859835}
  m_RootOrder: 1
  m_LocalEulerAnglesHint: {x: 0, y: 0, z: 0}
--- !u!114 &8948075221205323404
MonoBehaviour:
  m_ObjectHideFlags: 0
  m_CorrespondingSourceObject: {fileID: 0}
  m_PrefabInstance: {fileID: 0}
  m_PrefabAsset: {fileID: 0}
  m_GameObject: {fileID: 1317587981694027767}
  m_Enabled: 0
  m_EditorHideFlags: 0
  m_Script: {fileID: 11500000, guid: 552fb6fa4deaccb46ba7fa59819fc06a, type: 3}
  m_Name: 
  m_EditorClassIdentifier: 
  special: 0
  objects:
  - {fileID: 114043282095776022, guid: 11328fd06413e144086711486ea5f83f, type: 3}
  objectSizeX:
    serializedVersion: 2
    m_Curve:
    - serializedVersion: 3
      time: 0.0150642395
      value: 0.19996339
      inSlope: 0
      outSlope: 0
      tangentMode: 0
      weightedMode: 3
      inWeight: 0
      outWeight: 0
    - serializedVersion: 3
      time: 1.0007935
      value: 0.19956666
      inSlope: 0
      outSlope: 0
      tangentMode: 0
      weightedMode: 3
      inWeight: 0
      outWeight: 0
    m_PreInfinity: 2
    m_PostInfinity: 2
    m_RotationOrder: 4
  objectSizeY:
    serializedVersion: 2
    m_Curve:
    - serializedVersion: 3
      time: 0.0150642395
      value: 0.19996339
      inSlope: 0
      outSlope: 0
      tangentMode: 0
      weightedMode: 3
      inWeight: 0
      outWeight: 0
    - serializedVersion: 3
      time: 1.0007935
      value: 0.19956666
      inSlope: 0
      outSlope: 0
      tangentMode: 0
      weightedMode: 3
      inWeight: 0
      outWeight: 0
    m_PreInfinity: 2
    m_PostInfinity: 2
    m_RotationOrder: 4
  objectSizeZ:
    serializedVersion: 2
    m_Curve:
    - serializedVersion: 3
      time: 0.0150642395
      value: 0.19996339
      inSlope: 0
      outSlope: 0
      tangentMode: 0
      weightedMode: 3
      inWeight: 0
      outWeight: 0
    - serializedVersion: 3
      time: 1.0007935
      value: 0.19956666
      inSlope: 0
      outSlope: 0
      tangentMode: 0
      weightedMode: 3
      inWeight: 0
      outWeight: 0
    m_PreInfinity: 2
    m_PostInfinity: 2
    m_RotationOrder: 4
  rotationX:
    serializedVersion: 2
    m_Curve:
    - serializedVersion: 3
      time: 0
      value: 0
      inSlope: 0
      outSlope: 0
      tangentMode: 0
      weightedMode: 3
      inWeight: 0
      outWeight: 0
    - serializedVersion: 3
      time: 1
      value: 0
      inSlope: 0
      outSlope: 0
      tangentMode: 0
      weightedMode: 3
      inWeight: 0
      outWeight: 0
    m_PreInfinity: 2
    m_PostInfinity: 2
    m_RotationOrder: 4
  rotationY:
    serializedVersion: 2
    m_Curve:
    - serializedVersion: 3
      time: 0
      value: 0
      inSlope: 0
      outSlope: 0
      tangentMode: 0
      weightedMode: 3
      inWeight: 0
      outWeight: 0
    - serializedVersion: 3
      time: 1
      value: 0
      inSlope: 0
      outSlope: 0
      tangentMode: 0
      weightedMode: 3
      inWeight: 0
      outWeight: 0
    m_PreInfinity: 2
    m_PostInfinity: 2
    m_RotationOrder: 4
  rotationZ:
    serializedVersion: 2
    m_Curve:
    - serializedVersion: 3
      time: 0
      value: 0
      inSlope: 0
      outSlope: 0
      tangentMode: 0
      weightedMode: 3
      inWeight: 0
      outWeight: 0
    - serializedVersion: 3
      time: 1
      value: 360
      inSlope: 0
      outSlope: 0
      tangentMode: 0
      weightedMode: 3
      inWeight: 0
      outWeight: 0
    m_PreInfinity: 2
    m_PostInfinity: 2
    m_RotationOrder: 4
  color:
    serializedVersion: 2
    key0: {r: 1, g: 0.07843137, b: 0.13090907, a: 1}
    key1: {r: 0.9811321, g: 0.9487362, b: 0.9487362, a: 1}
    key2: {r: 1, g: 0.07843137, b: 0.46137494, a: 0}
    key3: {r: 1, g: 0.07843137, b: 0.46137494, a: 0}
    key4: {r: 1, g: 0.07843137, b: 0.46137494, a: 0}
    key5: {r: 1, g: 0.07843137, b: 0.46137494, a: 0}
    key6: {r: 1, g: 0.8209606, b: 0.07843137, a: 0}
    key7: {r: 0, g: 0, b: 0, a: 0}
    ctime0: 0
    ctime1: 65535
    ctime2: 57054
    ctime3: 57054
    ctime4: 57054
    ctime5: 57054
    ctime6: 65150
    ctime7: 0
    atime0: 0
    atime1: 65535
    atime2: 0
    atime3: 0
    atime4: 0
    atime5: 0
    atime6: 0
    atime7: 0
    m_Mode: 0
    m_NumColorKeys: 2
    m_NumAlphaKeys: 2
  spacing: 0.252
  radius: 0
  count: 1
  sprinklePreviewType: 0
--- !u!1 &2254956357221868953
GameObject:
  m_ObjectHideFlags: 0
  m_CorrespondingSourceObject: {fileID: 0}
  m_PrefabInstance: {fileID: 0}
  m_PrefabAsset: {fileID: 0}
  serializedVersion: 6
  m_Component:
  - component: {fileID: 4485298672640424257}
  - component: {fileID: 2916168185060031544}
  m_Layer: 8
  m_Name: Option
  m_TagString: Untagged
  m_Icon: {fileID: 0}
  m_NavMeshLayer: 0
  m_StaticEditorFlags: 0
  m_IsActive: 1
--- !u!4 &4485298672640424257
Transform:
  m_ObjectHideFlags: 0
  m_CorrespondingSourceObject: {fileID: 0}
  m_PrefabInstance: {fileID: 0}
  m_PrefabAsset: {fileID: 0}
  m_GameObject: {fileID: 2254956357221868953}
  m_LocalRotation: {x: -0, y: -0, z: -0, w: 1}
  m_LocalPosition: {x: 0, y: 0, z: 0}
  m_LocalScale: {x: 1, y: 1, z: 1}
  m_Children: []
  m_Father: {fileID: 280355573928859835}
  m_RootOrder: 4
  m_LocalEulerAnglesHint: {x: 0, y: 0, z: 0}
--- !u!114 &2916168185060031544
MonoBehaviour:
  m_ObjectHideFlags: 0
  m_CorrespondingSourceObject: {fileID: 0}
  m_PrefabInstance: {fileID: 0}
  m_PrefabAsset: {fileID: 0}
  m_GameObject: {fileID: 2254956357221868953}
  m_Enabled: 0
  m_EditorHideFlags: 0
  m_Script: {fileID: 11500000, guid: 552fb6fa4deaccb46ba7fa59819fc06a, type: 3}
  m_Name: 
  m_EditorClassIdentifier: 
  special: 0
  objects:
  - {fileID: 114986966024178736, guid: ab37bdefbae5a66439cc1215a71ecb11, type: 3}
  - {fileID: 2647852329520218456, guid: 8d4f907bba59f6e42b73731e08670013, type: 3}
  objectSizeX:
    serializedVersion: 2
    m_Curve:
    - serializedVersion: 3
      time: 0
      value: 0.05
      inSlope: 0
      outSlope: 0
      tangentMode: 0
      weightedMode: 3
      inWeight: 0
      outWeight: 0
    - serializedVersion: 3
      time: 1
      value: 0.06
      inSlope: 0
      outSlope: 0
      tangentMode: 0
      weightedMode: 3
      inWeight: 0
      outWeight: 0
    m_PreInfinity: 2
    m_PostInfinity: 2
    m_RotationOrder: 4
  objectSizeY:
    serializedVersion: 2
    m_Curve:
    - serializedVersion: 3
      time: 0
      value: 0.05
      inSlope: 0
      outSlope: 0
      tangentMode: 0
      weightedMode: 3
      inWeight: 0
      outWeight: 0
    - serializedVersion: 3
      time: 1
      value: 0.06
      inSlope: 0
      outSlope: 0
      tangentMode: 0
      weightedMode: 3
      inWeight: 0
      outWeight: 0
    m_PreInfinity: 2
    m_PostInfinity: 2
    m_RotationOrder: 4
  objectSizeZ:
    serializedVersion: 2
    m_Curve:
    - serializedVersion: 3
      time: 0
      value: 0.05
      inSlope: 0
      outSlope: 0
      tangentMode: 0
      weightedMode: 3
      inWeight: 0
      outWeight: 0
    - serializedVersion: 3
      time: 1
      value: 0.06
      inSlope: 0
      outSlope: 0
      tangentMode: 0
      weightedMode: 3
      inWeight: 0
      outWeight: 0
    m_PreInfinity: 2
    m_PostInfinity: 2
    m_RotationOrder: 4
  rotationX:
    serializedVersion: 2
    m_Curve:
    - serializedVersion: 3
      time: 0
      value: 0
      inSlope: 0
      outSlope: 0
      tangentMode: 0
      weightedMode: 3
      inWeight: 0
      outWeight: 0
    - serializedVersion: 3
      time: 1
      value: 0
      inSlope: 0
      outSlope: 0
      tangentMode: 0
      weightedMode: 3
      inWeight: 0
      outWeight: 0
    m_PreInfinity: 2
    m_PostInfinity: 2
    m_RotationOrder: 4
  rotationY:
    serializedVersion: 2
    m_Curve:
    - serializedVersion: 3
      time: 0
      value: 0
      inSlope: 0
      outSlope: 0
      tangentMode: 0
      weightedMode: 3
      inWeight: 0
      outWeight: 0
    - serializedVersion: 3
      time: 1
      value: 0
      inSlope: 0
      outSlope: 0
      tangentMode: 0
      weightedMode: 3
      inWeight: 0
      outWeight: 0
    m_PreInfinity: 2
    m_PostInfinity: 2
    m_RotationOrder: 4
  rotationZ:
    serializedVersion: 2
    m_Curve:
    - serializedVersion: 3
      time: 0
      value: 0
      inSlope: 0
      outSlope: 0
      tangentMode: 0
      weightedMode: 3
      inWeight: 0
      outWeight: 0
    - serializedVersion: 3
      time: 1
      value: 360
      inSlope: 0
      outSlope: 0
      tangentMode: 0
      weightedMode: 3
      inWeight: 0
      outWeight: 0
    m_PreInfinity: 2
    m_PostInfinity: 2
    m_RotationOrder: 4
  color:
    serializedVersion: 2
    key0: {r: 1, g: 0.07843137, b: 0.46137494, a: 1}
    key1: {r: 1, g: 0.07843137, b: 0.46137494, a: 1}
    key2: {r: 1, g: 0.07843137, b: 0.46137494, a: 0}
    key3: {r: 1, g: 0.07843137, b: 0.46137494, a: 0}
    key4: {r: 1, g: 0.07843137, b: 0.46137494, a: 0}
    key5: {r: 1, g: 0.8209606, b: 0.07843137, a: 0}
    key6: {r: 1, g: 0.8209606, b: 0.07843137, a: 0}
    key7: {r: 0, g: 0, b: 0, a: 0}
    ctime0: 0
    ctime1: 65535
    ctime2: 57054
    ctime3: 57054
    ctime4: 57054
    ctime5: 64571
    ctime6: 64571
    ctime7: 0
    atime0: 0
    atime1: 65535
    atime2: 0
    atime3: 0
    atime4: 0
    atime5: 0
    atime6: 0
    atime7: 0
    m_Mode: 0
    m_NumColorKeys: 2
    m_NumAlphaKeys: 2
  spacing: 0.1
  radius: 0.4
  count: 2
  sprinklePreviewType: 0
--- !u!1 &2733178026226150512
GameObject:
  m_ObjectHideFlags: 0
  m_CorrespondingSourceObject: {fileID: 0}
  m_PrefabInstance: {fileID: 0}
  m_PrefabAsset: {fileID: 0}
  serializedVersion: 6
  m_Component:
  - component: {fileID: 5222837507326491464}
  - component: {fileID: 6045264549621010804}
  - component: {fileID: 3782735324810741248}
  - component: {fileID: 681193606267425298}
  m_Layer: 8
  m_Name: Stroke Manual 1
  m_TagString: Untagged
  m_Icon: {fileID: 0}
  m_NavMeshLayer: 0
  m_StaticEditorFlags: 0
  m_IsActive: 1
--- !u!4 &5222837507326491464
Transform:
  m_ObjectHideFlags: 0
  m_CorrespondingSourceObject: {fileID: 0}
  m_PrefabInstance: {fileID: 0}
  m_PrefabAsset: {fileID: 0}
  m_GameObject: {fileID: 2733178026226150512}
  m_LocalRotation: {x: 0, y: 0, z: 0, w: 1}
  m_LocalPosition: {x: -0.732, y: -0.149, z: 0}
  m_LocalScale: {x: 0.8, y: 0.8, z: 0.8}
  m_Children: []
  m_Father: {fileID: 6739601077393007300}
  m_RootOrder: 5
  m_LocalEulerAnglesHint: {x: 0, y: 0, z: 0}
--- !u!114 &6045264549621010804
MonoBehaviour:
  m_ObjectHideFlags: 0
  m_CorrespondingSourceObject: {fileID: 0}
  m_PrefabInstance: {fileID: 0}
  m_PrefabAsset: {fileID: 0}
  m_GameObject: {fileID: 2733178026226150512}
  m_Enabled: 1
  m_EditorHideFlags: 0
  m_Script: {fileID: 11500000, guid: 5120595cb07379d488e526d799bc1e6d, type: 3}
  m_Name: 
  m_EditorClassIdentifier: 
  path: {fileID: 681193606267425298}
  sections:
  - weight: 1
    colors: 00000000
  options:
  - colors:
    - {r: 0.2830189, g: 0.2830189, b: 0.2830189, a: 1}
    gradient: 0
  - colors:
    - {r: 0.8207547, g: 0, b: 0.05043773, a: 1}
    gradient: 0
  - colors:
    - {r: 0.96762913, g: 1, b: 0.2028302, a: 1}
    gradient: 0
  brush: {fileID: 3782735324810741248}
  material: {fileID: 2100000, guid: 108036d14a7415f4b95df06c69a79ceb, type: 2}
--- !u!114 &3782735324810741248
MonoBehaviour:
  m_ObjectHideFlags: 0
  m_CorrespondingSourceObject: {fileID: 0}
  m_PrefabInstance: {fileID: 0}
  m_PrefabAsset: {fileID: 0}
  m_GameObject: {fileID: 2733178026226150512}
  m_Enabled: 1
  m_EditorHideFlags: 0
  m_Script: {fileID: 11500000, guid: f6202143f93329f4596fcd4f38f4496e, type: 3}
  m_Name: 
  m_EditorClassIdentifier: 
  tip: {fileID: 4760252478746094373, guid: b72e6a18647e9bf4ea30f272a119c269, type: 3}
  size:
    serializedVersion: 2
    m_Curve:
    - serializedVersion: 3
      time: 0
      value: 0.2
      inSlope: 0
      outSlope: 0
      tangentMode: 0
      weightedMode: 3
      inWeight: 0
      outWeight: 0
    - serializedVersion: 3
      time: 0.9945679
      value: 0.29835814
      inSlope: 0
      outSlope: 0
      tangentMode: 0
      weightedMode: 3
      inWeight: 0
      outWeight: 0
    m_PreInfinity: 2
    m_PostInfinity: 2
    m_RotationOrder: 4
  twist: 0.5
--- !u!114 &681193606267425298
MonoBehaviour:
  m_ObjectHideFlags: 0
  m_CorrespondingSourceObject: {fileID: 0}
  m_PrefabInstance: {fileID: 0}
  m_PrefabAsset: {fileID: 0}
  m_GameObject: {fileID: 2733178026226150512}
  m_Enabled: 1
  m_EditorHideFlags: 0
  m_Script: {fileID: 11500000, guid: c25f2c3c6d52ab744a70ac080b3e3958, type: 3}
  m_Name: 
  m_EditorClassIdentifier: 
  svgPoints:
  - x: -0.5491118579101806
    y: 0.19905956501778518
  - x: -0.33176599401386503
    y: 0.19383490463633052
  - x: -0.14472313641338944
    y: 0.05172413827466375
  - x: -0.08934174434216893
    y: -0.14576802015822354
  - x: -0.019331297223726018
    y: -0.3913270580865934
  - x: -0.16666671898422306
    y: -0.6661441861789104
  - x: -0.4143156240547494
    y: -0.738244515387383
  - x: -0.6473354690954289
    y: -0.8072100314260598
  - x: -0.9002090395300344
    y: -0.6745036597301609
  - x: -0.9827586895014164
    y: -0.45611285478883046
  - x: -1.0454546140788725
    y: -0.28996865864467125
  - x: -1.0141066517901445
    y: -0.06217345405494869
  - x: -0.8605016385684268
    y: 0.046499457962711405
  - x: -0.6515152233102397
    y: 0.19487981080297448
  - x: -0.30041806162088347
    y: 0.061128506781653276
  - x: -0.23772213704342735
    y: -0.1666666816145399
  - x: -0.19905964972240028
    y: -0.3056426497542841
  - x: -0.26071064322009035
    y: -0.5083594785338749
  - x: -0.41327071788810543
    y: -0.5658307427298763
  - x: -0.589864234795174
    y: -0.6327063966090211
  - x: -0.8103449068786609
    y: -0.4780564523075373
  - x: -0.826018888023025
    y: -0.3108673201009876
  - x: -0.8333334124324959
    y: -0.22727275399771277
  - x: -0.7925810610834526
    y: -0.11233022560570986
  - x: -0.6974922406461902
    y: -0.0768025389979176
  - x: -0.5950888951766287
    y: -0.03814005167689054
  - x: -0.4498433305930394
    y: -0.09665624819831414
  - x: -0.4331244333167825
    y: -0.20114945209043938
  - x: -0.4226751125538732
    y: -0.2680251059695841
  - x: -0.4665622602563549
    y: -0.34326021845210614
  - x: -0.5417973652649403
    y: -0.38714735369802683
  - x: 677.9999847412109
    y: 436.10000228881836
  svgCommands: 0100000004000000040000000400000004000000040000000400000004000000040000000400000004000000040000000400000004000000040000000400000004000000040000000400000004000000040000000400000004000000040000000400000004000000040000000400000004000000040000000400000000000000
  reverse: 0
  offset: 0
--- !u!1 &3164516167991344191
GameObject:
  m_ObjectHideFlags: 0
  m_CorrespondingSourceObject: {fileID: 0}
  m_PrefabInstance: {fileID: 0}
  m_PrefabAsset: {fileID: 0}
  serializedVersion: 6
  m_Component:
  - component: {fileID: 2368243427674733539}
  m_Layer: 0
  m_Name: finishCameraTransform
  m_TagString: Untagged
  m_Icon: {fileID: 0}
  m_NavMeshLayer: 0
  m_StaticEditorFlags: 0
  m_IsActive: 1
--- !u!4 &2368243427674733539
Transform:
  m_ObjectHideFlags: 0
  m_CorrespondingSourceObject: {fileID: 0}
  m_PrefabInstance: {fileID: 0}
  m_PrefabAsset: {fileID: 0}
  m_GameObject: {fileID: 3164516167991344191}
  m_LocalRotation: {x: 0.5, y: -0, z: -0, w: 0.8660254}
  m_LocalPosition: {x: 0, y: 6.6, z: -3.5}
  m_LocalScale: {x: 1, y: 1, z: 1}
  m_Children: []
  m_Father: {fileID: 3900300133710022363}
  m_RootOrder: 1
  m_LocalEulerAnglesHint: {x: 0, y: 0, z: 0}
--- !u!1 &3390734325782000369
GameObject:
  m_ObjectHideFlags: 0
  m_CorrespondingSourceObject: {fileID: 0}
  m_PrefabInstance: {fileID: 0}
  m_PrefabAsset: {fileID: 0}
  serializedVersion: 6
  m_Component:
  - component: {fileID: 1456511916086893788}
  - component: {fileID: 3773891566970060834}
  - component: {fileID: 4471804358335917118}
  - component: {fileID: 4882851657965474108}
  m_Layer: 8
  m_Name: Stroke Manual 0
  m_TagString: Untagged
  m_Icon: {fileID: 0}
  m_NavMeshLayer: 0
  m_StaticEditorFlags: 0
  m_IsActive: 1
--- !u!4 &1456511916086893788
Transform:
  m_ObjectHideFlags: 0
  m_CorrespondingSourceObject: {fileID: 0}
  m_PrefabInstance: {fileID: 0}
  m_PrefabAsset: {fileID: 0}
  m_GameObject: {fileID: 3390734325782000369}
  m_LocalRotation: {x: 0, y: 0, z: 0, w: 1}
  m_LocalPosition: {x: -1.255, y: 0.18, z: 0}
  m_LocalScale: {x: 0.8, y: 0.8, z: 0.8}
  m_Children: []
  m_Father: {fileID: 6739601077393007300}
  m_RootOrder: 4
  m_LocalEulerAnglesHint: {x: 0, y: 0, z: 0}
--- !u!114 &3773891566970060834
MonoBehaviour:
  m_ObjectHideFlags: 0
  m_CorrespondingSourceObject: {fileID: 0}
  m_PrefabInstance: {fileID: 0}
  m_PrefabAsset: {fileID: 0}
  m_GameObject: {fileID: 3390734325782000369}
  m_Enabled: 1
  m_EditorHideFlags: 0
  m_Script: {fileID: 11500000, guid: 5120595cb07379d488e526d799bc1e6d, type: 3}
  m_Name: 
  m_EditorClassIdentifier: 
  path: {fileID: 4882851657965474108}
  sections:
  - weight: 1
    colors: 00000000
  options:
  - colors:
    - {r: 0.2830189, g: 0.2830189, b: 0.2830189, a: 1}
    gradient: 0
  - colors:
    - {r: 0.8207547, g: 0, b: 0.05043773, a: 1}
    gradient: 0
  - colors:
    - {r: 0.96762913, g: 1, b: 0.2028302, a: 1}
    gradient: 0
  brush: {fileID: 4471804358335917118}
  material: {fileID: 2100000, guid: 108036d14a7415f4b95df06c69a79ceb, type: 2}
--- !u!114 &4471804358335917118
MonoBehaviour:
  m_ObjectHideFlags: 0
  m_CorrespondingSourceObject: {fileID: 0}
  m_PrefabInstance: {fileID: 0}
  m_PrefabAsset: {fileID: 0}
  m_GameObject: {fileID: 3390734325782000369}
  m_Enabled: 1
  m_EditorHideFlags: 0
  m_Script: {fileID: 11500000, guid: f6202143f93329f4596fcd4f38f4496e, type: 3}
  m_Name: 
  m_EditorClassIdentifier: 
  tip: {fileID: 4760252478746094373, guid: b72e6a18647e9bf4ea30f272a119c269, type: 3}
  size:
    serializedVersion: 2
    m_Curve:
    - serializedVersion: 3
      time: 0.018901825
      value: 0.18074341
      inSlope: 0
      outSlope: 0
      tangentMode: 0
      weightedMode: 3
      inWeight: 0
      outWeight: 0
    - serializedVersion: 3
      time: 0.993103
      value: 0.4018669
      inSlope: 0
      outSlope: 0
      tangentMode: 0
      weightedMode: 3
      inWeight: 0
      outWeight: 0
    m_PreInfinity: 2
    m_PostInfinity: 2
    m_RotationOrder: 4
  twist: 0.5
--- !u!114 &4882851657965474108
MonoBehaviour:
  m_ObjectHideFlags: 0
  m_CorrespondingSourceObject: {fileID: 0}
  m_PrefabInstance: {fileID: 0}
  m_PrefabAsset: {fileID: 0}
  m_GameObject: {fileID: 3390734325782000369}
  m_Enabled: 1
  m_EditorHideFlags: 0
  m_Script: {fileID: 11500000, guid: c25f2c3c6d52ab744a70ac080b3e3958, type: 3}
  m_Name: 
  m_EditorClassIdentifier: 
  svgPoints:
  - x: 0.2262278702528787
    y: 1.5
  - x: 0.5616510507978708
    y: 1.492685475590529
  - x: 0.8500523277707662
    y: 1.2763845396598392
  - x: 0.9367816821307149
    y: 0.9775339618545321
  - x: 1.0454546140788725
    y: 0.6055381586393572
  - x: 0.8166144933572572
    y: 0.18861024425487583
  - x: 0.4352142855110658
    y: 0.07889237624432761
  - x: 0.07471271919069304
    y: -0.024555895322375475
  - x: -0.316091893286515
    y: 0.1760710613324344
  - x: -0.44252865857332
    y: 0.5073145275236112
  - x: -0.5386624075990364
    y: 0.7591431618958262
  - x: -0.4905955330861782
    y: 1.1050156831342253
  - x: -0.2544408848409517
    y: 1.2701149432159942
  - x: 0.06739818668445742
    y: 1.4947753396185453
  - x: 0.6097179103628557
    y: 1.292058515821579
  - x: 0.706896625346709
    y: 0.9461859995658041
  - x: 0.7664577517022426
    y: 0.735109712182836
  - x: 0.6713689337562924
    y: 0.4278997056698982
  - x: 0.4352142855110658
    y: 0.3401253953170615
  - x: 0.16248700961303209
    y: 0.2387669859098905
  - x: -0.17816085124391243
    y: 0.473876703075351
  - x: -0.20219428102640488
    y: 0.7267502635447076
  - x: -0.21473346644015853
    y: 0.854231974859152
  - x: -0.1499476772118581
    y: 1.0266457774124051
  - x: -0.0036571865311271247
    y: 1.0820271694836257
  - x: 0.15412756097490368
    y: 1.1405433647593932
  - x: 0.37878793744695716
    y: 1.0527690718457419
  - x: 0.40386632322233773
    y: 0.8939393957512574
  - x: 0.42058523669212394
    y: 0.7925809863440864
  - x: 0.352664650487557
    y: 0.678683384049225
  - x: 0.23667719101578805
    y: 0.6118077351527047
  - x: 752.5
    y: 340.5
  svgCommands: 0100000004000000040000000400000004000000040000000400000004000000040000000400000004000000040000000400000004000000040000000400000004000000040000000400000004000000040000000400000004000000040000000400000004000000040000000400000004000000040000000400000000000000
  reverse: 0
  offset: 0
--- !u!1 &3547347255140785886
GameObject:
  m_ObjectHideFlags: 0
  m_CorrespondingSourceObject: {fileID: 0}
  m_PrefabInstance: {fileID: 0}
  m_PrefabAsset: {fileID: 0}
  serializedVersion: 6
  m_Component:
  - component: {fileID: 3900300133710022363}
  - component: {fileID: 5928608060010216094}
  m_Layer: 0
  m_Name: vam_bee_04_vip
  m_TagString: Untagged
  m_Icon: {fileID: 0}
  m_NavMeshLayer: 0
  m_StaticEditorFlags: 0
  m_IsActive: 1
--- !u!4 &3900300133710022363
Transform:
  m_ObjectHideFlags: 0
  m_CorrespondingSourceObject: {fileID: 0}
  m_PrefabInstance: {fileID: 0}
  m_PrefabAsset: {fileID: 0}
  m_GameObject: {fileID: 3547347255140785886}
  m_LocalRotation: {x: 0, y: 0, z: 0, w: 1}
  m_LocalPosition: {x: 0, y: 0, z: 0}
  m_LocalScale: {x: 1, y: 1, z: 1}
  m_Children:
  - {fileID: 2643060478275747275}
  - {fileID: 2368243427674733539}
  - {fileID: 4635093330303477913}
  m_Father: {fileID: 0}
  m_RootOrder: 0
  m_LocalEulerAnglesHint: {x: 0, y: 0, z: 0}
--- !u!114 &5928608060010216094
MonoBehaviour:
  m_ObjectHideFlags: 0
  m_CorrespondingSourceObject: {fileID: 0}
  m_PrefabInstance: {fileID: 0}
  m_PrefabAsset: {fileID: 0}
  m_GameObject: {fileID: 3547347255140785886}
  m_Enabled: 1
  m_EditorHideFlags: 0
  m_Script: {fileID: 11500000, guid: f522867c3f9eb3e4bb325c968c25314e, type: 3}
  m_Name: 
  m_EditorClassIdentifier: 
  layers:
  - {fileID: 5705543219637893894}
  backgroundColor: {r: 0.94509804, g: 0.88235295, b: 0.5568628, a: 1}
  glitterStroke: 1
  glitterCake: 0
  newPreview: 1
  strokeRate: 0.5
  sprinkleRate: 0.5
  diskColor: {r: 0.8862745, g: 0.6745098, b: 0.78039217, a: 1}
  type: 0
  previewCameraTransform: {fileID: 4635093330303477913}
  previewCameraSize: 2
  finishCameraTransform: {fileID: 2368243427674733539}
  previewScale: 1
  specialStroke: 0
  specialFill: 0
--- !u!1 &5683668463761785782
GameObject:
  m_ObjectHideFlags: 0
  m_CorrespondingSourceObject: {fileID: 0}
  m_PrefabInstance: {fileID: 0}
  m_PrefabAsset: {fileID: 0}
  serializedVersion: 6
  m_Component:
  - component: {fileID: 5868972143294504123}
  - component: {fileID: 8684236357047564129}
  m_Layer: 0
  m_Name: Path
  m_TagString: Untagged
  m_Icon: {fileID: 0}
  m_NavMeshLayer: 0
  m_StaticEditorFlags: 0
  m_IsActive: 1
--- !u!4 &5868972143294504123
Transform:
  m_ObjectHideFlags: 0
  m_CorrespondingSourceObject: {fileID: 0}
  m_PrefabInstance: {fileID: 0}
  m_PrefabAsset: {fileID: 0}
  m_GameObject: {fileID: 5683668463761785782}
  m_LocalRotation: {x: 0, y: 0, z: 0, w: 1}
  m_LocalPosition: {x: 0, y: 0, z: 0}
  m_LocalScale: {x: 1, y: 1, z: 1}
  m_Children: []
  m_Father: {fileID: 3343529171536944725}
  m_RootOrder: 1
  m_LocalEulerAnglesHint: {x: 0, y: 0, z: 0}
--- !u!114 &8684236357047564129
MonoBehaviour:
  m_ObjectHideFlags: 0
  m_CorrespondingSourceObject: {fileID: 0}
  m_PrefabInstance: {fileID: 0}
  m_PrefabAsset: {fileID: 0}
  m_GameObject: {fileID: 5683668463761785782}
  m_Enabled: 1
  m_EditorHideFlags: 0
  m_Script: {fileID: 11500000, guid: c25f2c3c6d52ab744a70ac080b3e3958, type: 3}
  m_Name: 
  m_EditorClassIdentifier: 
  svgPoints:
  - x: -0.24271844660194172
    y: 1.4999999999999998
  - x: -0.15631068331524006
    y: 1.407766990291262
  - x: -0.03300970503427449
    y: 1.265048536282141
  - x: 0.08737864077669902
    y: 1.0728155339805825
  - x: 0.23592233194888215
    y: 0.8368932112906742
  - x: 0.5048543689320388
    y: 0.32621357741865137
  - x: 0.3689320388349514
    y: 0.19902912621359223
  - x: 0.32135922237507347
    y: 0.15436893296473234
  - x: 0.20776698658767254
    y: 0.1757281544139084
  - x: -0.019417475728155338
    y: 0.21844660194174756
  - x: -0.28932038094233536
    y: 0.26893203698315665
  - x: -0.3339805973386301
    y: 0.3194174720245657
  - x: -0.38834951456310673
    y: 0.28640776699029125
  - x: -0.4504854378191012
    y: 0.24854368839449092
  - x: -0.5048543689320388
    y: 0.11456309938893734
  - x: -0.2912621359223301
    y: -0.6941747572815533
  - x: -0.20000000370358956
    y: -1.03980581042836
  - x: -0.11067960794689585
    y: -1.3174756985266232
  - x: -0.04854368932038834
    y: -1.4999999999999998
  - x: 687.5
    y: 534.5
  svgCommands: 0100000004000000040000000400000004000000040000000400000004000000040000000400000004000000040000000400000004000000040000000400000004000000040000000400000000000000
  reverse: 0
  offset: 0
--- !u!1 &7169317060562190708
GameObject:
  m_ObjectHideFlags: 0
  m_CorrespondingSourceObject: {fileID: 0}
  m_PrefabInstance: {fileID: 0}
  m_PrefabAsset: {fileID: 0}
  serializedVersion: 6
  m_Component:
  - component: {fileID: 4190003612215135135}
  - component: {fileID: 7419992392019433678}
  m_Layer: 8
  m_Name: Option
  m_TagString: Untagged
  m_Icon: {fileID: 0}
  m_NavMeshLayer: 0
  m_StaticEditorFlags: 0
  m_IsActive: 1
--- !u!4 &4190003612215135135
Transform:
  m_ObjectHideFlags: 0
  m_CorrespondingSourceObject: {fileID: 0}
  m_PrefabInstance: {fileID: 0}
  m_PrefabAsset: {fileID: 0}
  m_GameObject: {fileID: 7169317060562190708}
  m_LocalRotation: {x: -0, y: -0, z: -0, w: 1}
  m_LocalPosition: {x: 0, y: 0, z: 0}
  m_LocalScale: {x: 1, y: 1, z: 1}
  m_Children: []
  m_Father: {fileID: 280355573928859835}
  m_RootOrder: 3
  m_LocalEulerAnglesHint: {x: 0, y: 0, z: 0}
--- !u!114 &7419992392019433678
MonoBehaviour:
  m_ObjectHideFlags: 0
  m_CorrespondingSourceObject: {fileID: 0}
  m_PrefabInstance: {fileID: 0}
  m_PrefabAsset: {fileID: 0}
  m_GameObject: {fileID: 7169317060562190708}
  m_Enabled: 0
  m_EditorHideFlags: 0
  m_Script: {fileID: 11500000, guid: 552fb6fa4deaccb46ba7fa59819fc06a, type: 3}
  m_Name: 
  m_EditorClassIdentifier: 
  special: 0
  objects:
  - {fileID: 114986966024178736, guid: ab37bdefbae5a66439cc1215a71ecb11, type: 3}
  - {fileID: 2647852329520218456, guid: 8d4f907bba59f6e42b73731e08670013, type: 3}
  objectSizeX:
    serializedVersion: 2
    m_Curve:
    - serializedVersion: 3
      time: 0
      value: 0.05
      inSlope: 0
      outSlope: 0
      tangentMode: 0
      weightedMode: 3
      inWeight: 0
      outWeight: 0
    - serializedVersion: 3
      time: 1
      value: 0.06
      inSlope: 0
      outSlope: 0
      tangentMode: 0
      weightedMode: 3
      inWeight: 0
      outWeight: 0
    m_PreInfinity: 2
    m_PostInfinity: 2
    m_RotationOrder: 4
  objectSizeY:
    serializedVersion: 2
    m_Curve:
    - serializedVersion: 3
      time: 0
      value: 0.05
      inSlope: 0
      outSlope: 0
      tangentMode: 0
      weightedMode: 3
      inWeight: 0
      outWeight: 0
    - serializedVersion: 3
      time: 1
      value: 0.06
      inSlope: 0
      outSlope: 0
      tangentMode: 0
      weightedMode: 3
      inWeight: 0
      outWeight: 0
    m_PreInfinity: 2
    m_PostInfinity: 2
    m_RotationOrder: 4
  objectSizeZ:
    serializedVersion: 2
    m_Curve:
    - serializedVersion: 3
      time: 0
      value: 0.05
      inSlope: 0
      outSlope: 0
      tangentMode: 0
      weightedMode: 3
      inWeight: 0
      outWeight: 0
    - serializedVersion: 3
      time: 1
      value: 0.06
      inSlope: 0
      outSlope: 0
      tangentMode: 0
      weightedMode: 3
      inWeight: 0
      outWeight: 0
    m_PreInfinity: 2
    m_PostInfinity: 2
    m_RotationOrder: 4
  rotationX:
    serializedVersion: 2
    m_Curve:
    - serializedVersion: 3
      time: 0
      value: 0
      inSlope: 0
      outSlope: 0
      tangentMode: 0
      weightedMode: 3
      inWeight: 0
      outWeight: 0
    - serializedVersion: 3
      time: 1
      value: 0
      inSlope: 0
      outSlope: 0
      tangentMode: 0
      weightedMode: 3
      inWeight: 0
      outWeight: 0
    m_PreInfinity: 2
    m_PostInfinity: 2
    m_RotationOrder: 4
  rotationY:
    serializedVersion: 2
    m_Curve:
    - serializedVersion: 3
      time: 0
      value: 0
      inSlope: 0
      outSlope: 0
      tangentMode: 0
      weightedMode: 3
      inWeight: 0
      outWeight: 0
    - serializedVersion: 3
      time: 1
      value: 0
      inSlope: 0
      outSlope: 0
      tangentMode: 0
      weightedMode: 3
      inWeight: 0
      outWeight: 0
    m_PreInfinity: 2
    m_PostInfinity: 2
    m_RotationOrder: 4
  rotationZ:
    serializedVersion: 2
    m_Curve:
    - serializedVersion: 3
      time: 0
      value: 0
      inSlope: 0
      outSlope: 0
      tangentMode: 0
      weightedMode: 3
      inWeight: 0
      outWeight: 0
    - serializedVersion: 3
      time: 1
      value: 360
      inSlope: 0
      outSlope: 0
      tangentMode: 0
      weightedMode: 3
      inWeight: 0
      outWeight: 0
    m_PreInfinity: 2
    m_PostInfinity: 2
    m_RotationOrder: 4
  color:
    serializedVersion: 2
    key0: {r: 0.62513065, g: 0.07843137, b: 1, a: 1}
    key1: {r: 0.62513065, g: 0.07843137, b: 1, a: 1}
    key2: {r: 0.62513065, g: 0.07843137, b: 1, a: 0}
    key3: {r: 0.62513065, g: 0.07843137, b: 1, a: 0}
    key4: {r: 0.62513065, g: 0.07843137, b: 1, a: 0}
    key5: {r: 1, g: 0.8209606, b: 0.07843137, a: 0}
    key6: {r: 1, g: 0.8209606, b: 0.07843137, a: 0}
    key7: {r: 0, g: 0, b: 0, a: 0}
    ctime0: 0
    ctime1: 65535
    ctime2: 49151
    ctime3: 49151
    ctime4: 49151
    ctime5: 65342
    ctime6: 64571
    ctime7: 0
    atime0: 0
    atime1: 65535
    atime2: 0
    atime3: 0
    atime4: 0
    atime5: 0
    atime6: 0
    atime7: 0
    m_Mode: 0
    m_NumColorKeys: 2
    m_NumAlphaKeys: 2
  spacing: 0.1
  radius: 0.4
  count: 2
  sprinklePreviewType: 0
--- !u!1 &7333117783880901150
GameObject:
  m_ObjectHideFlags: 0
  m_CorrespondingSourceObject: {fileID: 0}
  m_PrefabInstance: {fileID: 0}
  m_PrefabAsset: {fileID: 0}
  serializedVersion: 6
  m_Component:
  - component: {fileID: 280355573928859835}
  m_Layer: 8
  m_Name: Options
  m_TagString: Untagged
  m_Icon: {fileID: 0}
  m_NavMeshLayer: 0
  m_StaticEditorFlags: 0
  m_IsActive: 1
--- !u!4 &280355573928859835
Transform:
  m_ObjectHideFlags: 0
  m_CorrespondingSourceObject: {fileID: 0}
  m_PrefabInstance: {fileID: 0}
  m_PrefabAsset: {fileID: 0}
  m_GameObject: {fileID: 7333117783880901150}
  m_LocalRotation: {x: 0, y: 0, z: 0, w: 1}
  m_LocalPosition: {x: 0, y: 0, z: 0}
  m_LocalScale: {x: 1, y: 1, z: 1}
  m_Children:
  - {fileID: 5931159018100817409}
  - {fileID: 4422610146969317319}
  - {fileID: 1903391396436006604}
  - {fileID: 4190003612215135135}
  - {fileID: 4485298672640424257}
  m_Father: {fileID: 3343529171536944725}
  m_RootOrder: 0
  m_LocalEulerAnglesHint: {x: 0, y: 0, z: 0}
--- !u!1 &7445762223760542426
GameObject:
  m_ObjectHideFlags: 0
  m_CorrespondingSourceObject: {fileID: 0}
  m_PrefabInstance: {fileID: 0}
  m_PrefabAsset: {fileID: 0}
  serializedVersion: 6
  m_Component:
  - component: {fileID: 4635093330303477913}
  m_Layer: 0
  m_Name: previewCameraTransform
  m_TagString: Untagged
  m_Icon: {fileID: 0}
  m_NavMeshLayer: 0
  m_StaticEditorFlags: 0
  m_IsActive: 1
--- !u!4 &4635093330303477913
Transform:
  m_ObjectHideFlags: 0
  m_CorrespondingSourceObject: {fileID: 0}
  m_PrefabInstance: {fileID: 0}
  m_PrefabAsset: {fileID: 0}
  m_GameObject: {fileID: 7445762223760542426}
  m_LocalRotation: {x: 0.5, y: -0, z: -0, w: 0.8660254}
  m_LocalPosition: {x: 0, y: 6.6, z: -3.5}
  m_LocalScale: {x: 1, y: 1, z: 1}
  m_Children: []
  m_Father: {fileID: 3900300133710022363}
  m_RootOrder: 2
  m_LocalEulerAnglesHint: {x: 0, y: 0, z: 0}
--- !u!1 &9000631304611898666
GameObject:
  m_ObjectHideFlags: 0
  m_CorrespondingSourceObject: {fileID: 0}
  m_PrefabInstance: {fileID: 0}
  m_PrefabAsset: {fileID: 0}
  serializedVersion: 6
  m_Component:
  - component: {fileID: 5931159018100817409}
  - component: {fileID: 8449366981362375543}
  m_Layer: 8
  m_Name: Option
  m_TagString: Untagged
  m_Icon: {fileID: 0}
  m_NavMeshLayer: 0
  m_StaticEditorFlags: 0
  m_IsActive: 1
--- !u!4 &5931159018100817409
Transform:
  m_ObjectHideFlags: 0
  m_CorrespondingSourceObject: {fileID: 0}
  m_PrefabInstance: {fileID: 0}
  m_PrefabAsset: {fileID: 0}
  m_GameObject: {fileID: 9000631304611898666}
  m_LocalRotation: {x: -0, y: -0, z: -0, w: 1}
  m_LocalPosition: {x: 0, y: 0, z: 0}
  m_LocalScale: {x: 1, y: 1, z: 1}
  m_Children: []
  m_Father: {fileID: 280355573928859835}
  m_RootOrder: 0
  m_LocalEulerAnglesHint: {x: 0, y: 0, z: 0}
--- !u!114 &8449366981362375543
MonoBehaviour:
  m_ObjectHideFlags: 0
  m_CorrespondingSourceObject: {fileID: 0}
  m_PrefabInstance: {fileID: 0}
  m_PrefabAsset: {fileID: 0}
  m_GameObject: {fileID: 9000631304611898666}
  m_Enabled: 0
  m_EditorHideFlags: 0
  m_Script: {fileID: 11500000, guid: 552fb6fa4deaccb46ba7fa59819fc06a, type: 3}
  m_Name: 
  m_EditorClassIdentifier: 
  special: 0
  objects:
  - {fileID: 114617897605414048, guid: 1b3955a468ff76346997ad327e73d297, type: 3}
  objectSizeX:
    serializedVersion: 2
    m_Curve:
    - serializedVersion: 3
      time: 0.0150642395
      value: 0.19996339
      inSlope: 0
      outSlope: 0
      tangentMode: 0
      weightedMode: 3
      inWeight: 0
      outWeight: 0
    - serializedVersion: 3
      time: 1.0007935
      value: 0.19956666
      inSlope: 0
      outSlope: 0
      tangentMode: 0
      weightedMode: 3
      inWeight: 0
      outWeight: 0
    m_PreInfinity: 2
    m_PostInfinity: 2
    m_RotationOrder: 4
  objectSizeY:
    serializedVersion: 2
    m_Curve:
    - serializedVersion: 3
      time: 0.0150642395
      value: 0.19996339
      inSlope: 0
      outSlope: 0
      tangentMode: 0
      weightedMode: 3
      inWeight: 0
      outWeight: 0
    - serializedVersion: 3
      time: 1.0007935
      value: 0.19956666
      inSlope: 0
      outSlope: 0
      tangentMode: 0
      weightedMode: 3
      inWeight: 0
      outWeight: 0
    m_PreInfinity: 2
    m_PostInfinity: 2
    m_RotationOrder: 4
  objectSizeZ:
    serializedVersion: 2
    m_Curve:
    - serializedVersion: 3
      time: 0.0150642395
      value: 0.19996339
      inSlope: 0
      outSlope: 0
      tangentMode: 0
      weightedMode: 3
      inWeight: 0
      outWeight: 0
    - serializedVersion: 3
      time: 1.0007935
      value: 0.19956666
      inSlope: 0
      outSlope: 0
      tangentMode: 0
      weightedMode: 3
      inWeight: 0
      outWeight: 0
    m_PreInfinity: 2
    m_PostInfinity: 2
    m_RotationOrder: 4
  rotationX:
    serializedVersion: 2
    m_Curve:
    - serializedVersion: 3
      time: 0
      value: 150
      inSlope: 0
      outSlope: 0
      tangentMode: 0
      weightedMode: 3
      inWeight: 0
      outWeight: 0
    - serializedVersion: 3
      time: 1
      value: 0
      inSlope: 0
      outSlope: 0
      tangentMode: 0
      weightedMode: 3
      inWeight: 0
      outWeight: 0
    m_PreInfinity: 2
    m_PostInfinity: 2
    m_RotationOrder: 4
  rotationY:
    serializedVersion: 2
    m_Curve:
    - serializedVersion: 3
      time: 0
      value: 150
      inSlope: 0
      outSlope: 0
      tangentMode: 0
      weightedMode: 3
      inWeight: 0
      outWeight: 0
    - serializedVersion: 3
      time: 1
      value: 0
      inSlope: 0
      outSlope: 0
      tangentMode: 0
      weightedMode: 3
      inWeight: 0
      outWeight: 0
    m_PreInfinity: 2
    m_PostInfinity: 2
    m_RotationOrder: 4
  rotationZ:
    serializedVersion: 2
    m_Curve:
    - serializedVersion: 3
      time: 0
      value: 120
      inSlope: 0
      outSlope: 0
      tangentMode: 0
      weightedMode: 3
      inWeight: 0
      outWeight: 0
    - serializedVersion: 3
      time: 1
      value: 0
      inSlope: 0
      outSlope: 0
      tangentMode: 0
      weightedMode: 3
      inWeight: 0
      outWeight: 0
    m_PreInfinity: 2
    m_PostInfinity: 2
    m_RotationOrder: 4
  color:
    serializedVersion: 2
    key0: {r: 1, g: 1, b: 1, a: 1}
    key1: {r: 0.3018868, g: 0.3018868, b: 0.3018868, a: 1}
    key2: {r: 0.07843137, g: 1, b: 0.81982154, a: 0}
    key3: {r: 0.07843137, g: 0.4779123, b: 1, a: 0}
    key4: {r: 0.62513065, g: 0.07843137, b: 1, a: 0}
    key5: {r: 1, g: 0.07843137, b: 0.46137494, a: 0}
    key6: {r: 1, g: 0.8209606, b: 0.07843137, a: 0}
    key7: {r: 0, g: 0, b: 0, a: 0}
    ctime0: 0
    ctime1: 65535
    ctime2: 22552
    ctime3: 37201
    ctime4: 49151
    ctime5: 57054
    ctime6: 64571
    ctime7: 0
    atime0: 0
    atime1: 65535
    atime2: 0
    atime3: 0
    atime4: 0
    atime5: 0
    atime6: 0
    atime7: 0
    m_Mode: 0
    m_NumColorKeys: 2
    m_NumAlphaKeys: 2
  spacing: 0.353
  radius: 0
  count: 1
  sprinklePreviewType: 0
--- !u!1001 &4911627161235276235
PrefabInstance:
  m_ObjectHideFlags: 0
  serializedVersion: 2
  m_Modification:
    m_TransformParent: {fileID: 3900300133710022363}
    m_Modifications:
    - target: {fileID: 1341202605574904496, guid: 680db010c901d6e4bb1f7a69451f7aa5,
        type: 3}
      propertyPath: m_Name
      value: HeartLRounded
      objectReference: {fileID: 0}
    - target: {fileID: 6955690194484411392, guid: 680db010c901d6e4bb1f7a69451f7aa5,
        type: 3}
      propertyPath: m_RootOrder
      value: 0
      objectReference: {fileID: 0}
    - target: {fileID: 6955690194484411392, guid: 680db010c901d6e4bb1f7a69451f7aa5,
        type: 3}
      propertyPath: m_LocalPosition.x
      value: 0
      objectReference: {fileID: 0}
    - target: {fileID: 6955690194484411392, guid: 680db010c901d6e4bb1f7a69451f7aa5,
        type: 3}
      propertyPath: m_LocalPosition.y
      value: 0
      objectReference: {fileID: 0}
    - target: {fileID: 6955690194484411392, guid: 680db010c901d6e4bb1f7a69451f7aa5,
        type: 3}
      propertyPath: m_LocalPosition.z
      value: 0
      objectReference: {fileID: 0}
    - target: {fileID: 6955690194484411392, guid: 680db010c901d6e4bb1f7a69451f7aa5,
        type: 3}
      propertyPath: m_LocalRotation.w
      value: 1
      objectReference: {fileID: 0}
    - target: {fileID: 6955690194484411392, guid: 680db010c901d6e4bb1f7a69451f7aa5,
        type: 3}
      propertyPath: m_LocalRotation.x
      value: 0
      objectReference: {fileID: 0}
    - target: {fileID: 6955690194484411392, guid: 680db010c901d6e4bb1f7a69451f7aa5,
        type: 3}
      propertyPath: m_LocalRotation.y
      value: 0
      objectReference: {fileID: 0}
    - target: {fileID: 6955690194484411392, guid: 680db010c901d6e4bb1f7a69451f7aa5,
        type: 3}
      propertyPath: m_LocalRotation.z
      value: 0
      objectReference: {fileID: 0}
    - target: {fileID: 6955690194484411392, guid: 680db010c901d6e4bb1f7a69451f7aa5,
        type: 3}
      propertyPath: m_LocalEulerAnglesHint.x
      value: 0
      objectReference: {fileID: 0}
    - target: {fileID: 6955690194484411392, guid: 680db010c901d6e4bb1f7a69451f7aa5,
        type: 3}
      propertyPath: m_LocalEulerAnglesHint.y
      value: 0
      objectReference: {fileID: 0}
    - target: {fileID: 6955690194484411392, guid: 680db010c901d6e4bb1f7a69451f7aa5,
        type: 3}
      propertyPath: m_LocalEulerAnglesHint.z
      value: 0
      objectReference: {fileID: 0}
    m_RemovedComponents: []
  m_SourcePrefab: {fileID: 100100000, guid: 680db010c901d6e4bb1f7a69451f7aa5, type: 3}
--- !u!4 &6739601077393007300 stripped
Transform:
  m_CorrespondingSourceObject: {fileID: 1850493022598292239, guid: 680db010c901d6e4bb1f7a69451f7aa5,
    type: 3}
  m_PrefabInstance: {fileID: 4911627161235276235}
  m_PrefabAsset: {fileID: 0}
--- !u!114 &5705543219637893894 stripped
MonoBehaviour:
  m_CorrespondingSourceObject: {fileID: 794801451098536653, guid: 680db010c901d6e4bb1f7a69451f7aa5,
    type: 3}
  m_PrefabInstance: {fileID: 4911627161235276235}
  m_PrefabAsset: {fileID: 0}
  m_GameObject: {fileID: 0}
  m_Enabled: 0
  m_EditorHideFlags: 0
  m_Script: {fileID: 11500000, guid: d931adf55ff26eb4dab04b81b53ef544, type: 3}
  m_Name: 
  m_EditorClassIdentifier: 
--- !u!4 &2643060478275747275 stripped
Transform:
  m_CorrespondingSourceObject: {fileID: 6955690194484411392, guid: 680db010c901d6e4bb1f7a69451f7aa5,
    type: 3}
  m_PrefabInstance: {fileID: 4911627161235276235}
  m_PrefabAsset: {fileID: 0}
