%YAML 1.1
%TAG !u! tag:unity3d.com,2011:
--- !u!1 &7748245678428103078
GameObject:
  m_ObjectHideFlags: 0
  m_CorrespondingSourceObject: {fileID: 0}
  m_PrefabInstance: {fileID: 0}
  m_PrefabAsset: {fileID: 0}
  serializedVersion: 6
  m_Component:
  - component: {fileID: 6975122309549521692}
  - component: {fileID: 6239426258521228659}
  - component: {fileID: 4459551791972987716}
  m_Layer: 16
  m_Name: Candles 4 preivew
  m_TagString: CandlesPreview
  m_Icon: {fileID: 0}
  m_NavMeshLayer: 0
  m_StaticEditorFlags: 0
  m_IsActive: 1
--- !u!4 &6975122309549521692
Transform:
  m_ObjectHideFlags: 0
  m_CorrespondingSourceObject: {fileID: 0}
  m_PrefabInstance: {fileID: 0}
  m_PrefabAsset: {fileID: 0}
  m_GameObject: {fileID: 7748245678428103078}
  m_LocalRotation: {x: 0, y: 0, z: 0, w: 1}
  m_LocalPosition: {x: 0, y: 0, z: 0}
  m_LocalScale: {x: 1, y: 1, z: 1}
  m_Children:
  - {fileID: 7874513391626647118}
  - {fileID: 1374566701440680679}
  m_Father: {fileID: 0}
  m_RootOrder: 0
  m_LocalEulerAnglesHint: {x: 0, y: 0, z: 0}
--- !u!114 &6239426258521228659
MonoBehaviour:
  m_ObjectHideFlags: 0
  m_CorrespondingSourceObject: {fileID: 0}
  m_PrefabInstance: {fileID: 0}
  m_PrefabAsset: {fileID: 0}
  m_GameObject: {fileID: 7748245678428103078}
  m_Enabled: 1
  m_EditorHideFlags: 0
  m_Script: {fileID: 11500000, guid: fcaa941a020ecd44396a993160c43294, type: 3}
  m_Name: 
  m_EditorClassIdentifier: 
--- !u!65 &4459551791972987716
BoxCollider:
  m_ObjectHideFlags: 0
  m_CorrespondingSourceObject: {fileID: 0}
  m_PrefabInstance: {fileID: 0}
  m_PrefabAsset: {fileID: 0}
  m_GameObject: {fileID: 7748245678428103078}
  m_Material: {fileID: 0}
  m_IsTrigger: 0
  m_Enabled: 1
  serializedVersion: 2
  m_Size: {x: 0.2, y: 1.4417214, z: 0.2}
  m_Center: {x: 0, y: 0.6208607, z: 0}
--- !u!1001 &1374566701440796695
PrefabInstance:
  m_ObjectHideFlags: 0
  serializedVersion: 2
  m_Modification:
    m_TransformParent: {fileID: 6975122309549521692}
    m_Modifications:
    - target: {fileID: 162906, guid: 6f894f63c0dede642b94f62fae3c3a72, type: 3}
      propertyPath: m_IsActive
      value: 0
      objectReference: {fileID: 0}
    - target: {fileID: 412400, guid: 6f894f63c0dede642b94f62fae3c3a72, type: 3}
      propertyPath: m_RootOrder
      value: 1
      objectReference: {fileID: 0}
    - target: {fileID: 412400, guid: 6f894f63c0dede642b94f62fae3c3a72, type: 3}
      propertyPath: m_LocalScale.x
      value: 0.7
      objectReference: {fileID: 0}
    - target: {fileID: 412400, guid: 6f894f63c0dede642b94f62fae3c3a72, type: 3}
      propertyPath: m_LocalScale.y
      value: 0.7
      objectReference: {fileID: 0}
    - target: {fileID: 412400, guid: 6f894f63c0dede642b94f62fae3c3a72, type: 3}
      propertyPath: m_LocalScale.z
      value: 0.7
      objectReference: {fileID: 0}
    - target: {fileID: 412400, guid: 6f894f63c0dede642b94f62fae3c3a72, type: 3}
      propertyPath: m_LocalPosition.y
      value: 1.357
      objectReference: {fileID: 0}
    m_RemovedComponents: []
  m_SourcePrefab: {fileID: 100100000, guid: 6f894f63c0dede642b94f62fae3c3a72, type: 3}
--- !u!4 &1374566701440680679 stripped
Transform:
  m_CorrespondingSourceObject: {fileID: 412400, guid: 6f894f63c0dede642b94f62fae3c3a72,
    type: 3}
  m_PrefabInstance: {fileID: 1374566701440796695}
  m_PrefabAsset: {fileID: 0}
--- !u!1001 &7695909902338429349
PrefabInstance:
  m_ObjectHideFlags: 0
  serializedVersion: 2
  m_Modification:
    m_TransformParent: {fileID: 6975122309549521692}
    m_Modifications:
    - target: {fileID: -8679921383154817045, guid: d74aa074a4c97b4498a52d321c3898a7,
        type: 3}
      propertyPath: m_RootOrder
      value: 0
      objectReference: {fileID: 0}
    - target: {fileID: -8679921383154817045, guid: d74aa074a4c97b4498a52d321c3898a7,
        type: 3}
      propertyPath: m_LocalPosition.x
      value: -0
      objectReference: {fileID: 0}
    - target: {fileID: -8679921383154817045, guid: d74aa074a4c97b4498a52d321c3898a7,
        type: 3}
      propertyPath: m_LocalPosition.y
      value: 0
      objectReference: {fileID: 0}
    - target: {fileID: -8679921383154817045, guid: d74aa074a4c97b4498a52d321c3898a7,
        type: 3}
      propertyPath: m_LocalPosition.z
      value: 0
      objectReference: {fileID: 0}
    - target: {fileID: -8679921383154817045, guid: d74aa074a4c97b4498a52d321c3898a7,
        type: 3}
      propertyPath: m_LocalRotation.w
      value: 0.7071067
      objectReference: {fileID: 0}
    - target: {fileID: -8679921383154817045, guid: d74aa074a4c97b4498a52d321c3898a7,
        type: 3}
      propertyPath: m_LocalRotation.x
      value: -0.7071068
      objectReference: {fileID: 0}
    - target: {fileID: -8679921383154817045, guid: d74aa074a4c97b4498a52d321c3898a7,
        type: 3}
      propertyPath: m_LocalRotation.y
      value: 0
      objectReference: {fileID: 0}
    - target: {fileID: -8679921383154817045, guid: d74aa074a4c97b4498a52d321c3898a7,
        type: 3}
      propertyPath: m_LocalRotation.z
      value: -0
      objectReference: {fileID: 0}
    - target: {fileID: -8679921383154817045, guid: d74aa074a4c97b4498a52d321c3898a7,
        type: 3}
      propertyPath: m_LocalEulerAnglesHint.x
      value: 0
      objectReference: {fileID: 0}
    - target: {fileID: -8679921383154817045, guid: d74aa074a4c97b4498a52d321c3898a7,
        type: 3}
      propertyPath: m_LocalEulerAnglesHint.y
      value: 0
      objectReference: {fileID: 0}
    - target: {fileID: -8679921383154817045, guid: d74aa074a4c97b4498a52d321c3898a7,
        type: 3}
      propertyPath: m_LocalEulerAnglesHint.z
      value: 0
      objectReference: {fileID: 0}
    - target: {fileID: -7511558181221131132, guid: d74aa074a4c97b4498a52d321c3898a7,
        type: 3}
      propertyPath: m_Materials.Array.data[0]
      value: 
      objectReference: {fileID: 2100000, guid: 15f43a15f83fb81469031ca3e0476e30, type: 2}
    - target: {fileID: 919132149155446097, guid: d74aa074a4c97b4498a52d321c3898a7,
        type: 3}
      propertyPath: m_Name
      value: candle
      objectReference: {fileID: 0}
    - target: {fileID: 919132149155446097, guid: d74aa074a4c97b4498a52d321c3898a7,
        type: 3}
      propertyPath: m_Layer
      value: 16
      objectReference: {fileID: 0}
    m_RemovedComponents: []
  m_SourcePrefab: {fileID: 100100000, guid: d74aa074a4c97b4498a52d321c3898a7, type: 3}
--- !u!4 &7874513391626647118 stripped
Transform:
  m_CorrespondingSourceObject: {fileID: -8679921383154817045, guid: d74aa074a4c97b4498a52d321c3898a7,
    type: 3}
  m_PrefabInstance: {fileID: 7695909902338429349}
  m_PrefabAsset: {fileID: 0}
