%YAML 1.1
%TAG !u! tag:unity3d.com,2011:
--- !u!1 &1018016807266334
GameObject:
  m_ObjectHideFlags: 0
  m_CorrespondingSourceObject: {fileID: 0}
  m_PrefabInstance: {fileID: 0}
  m_PrefabAsset: {fileID: 0}
  serializedVersion: 6
  m_Component:
  - component: {fileID: 4944803810505592}
  m_Layer: 20
  m_Name: Bone_R_Bleg
  m_TagString: Untagged
  m_Icon: {fileID: 0}
  m_NavMeshLayer: 0
  m_StaticEditorFlags: 0
  m_IsActive: 1
--- !u!4 &4944803810505592
Transform:
  m_ObjectHideFlags: 0
  m_CorrespondingSourceObject: {fileID: 0}
  m_PrefabInstance: {fileID: 0}
  m_PrefabAsset: {fileID: 0}
  m_GameObject: {fileID: 1018016807266334}
  m_LocalRotation: {x: -0.5111174, y: 0.48811108, z: -0.49118125, w: 0.5091636}
  m_LocalPosition: {x: -0.0017013848, y: -0.053523526, z: 0.034000017}
  m_LocalScale: {x: -0.99999994, y: -0.99999994, z: -1}
  m_Children: []
  m_Father: {fileID: 4319471643158476}
  m_RootOrder: 1
  m_LocalEulerAnglesHint: {x: 0, y: 0, z: 0}
--- !u!1 &1068355306026548
GameObject:
  m_ObjectHideFlags: 0
  m_CorrespondingSourceObject: {fileID: 0}
  m_PrefabInstance: {fileID: 0}
  m_PrefabAsset: {fileID: 0}
  serializedVersion: 6
  m_Component:
  - component: {fileID: 4319471643158476}
  m_Layer: 20
  m_Name: Bone_Pelvis
  m_TagString: Untagged
  m_Icon: {fileID: 0}
  m_NavMeshLayer: 0
  m_StaticEditorFlags: 0
  m_IsActive: 1
--- !u!4 &4319471643158476
Transform:
  m_ObjectHideFlags: 0
  m_CorrespondingSourceObject: {fileID: 0}
  m_PrefabInstance: {fileID: 0}
  m_PrefabAsset: {fileID: 0}
  m_GameObject: {fileID: 1068355306026548}
  m_LocalRotation: {x: -0.1367601, y: 0.69375557, z: -0.13676, w: 0.69375545}
  m_LocalPosition: {x: 0.0000000011888696, y: 0.119128585, z: -0.21343136}
  m_LocalScale: {x: 1, y: 1, z: 1}
  m_Children:
  - {fileID: 4461571093507754}
  - {fileID: 4944803810505592}
  - {fileID: 4965126583122614}
  - {fileID: 4813957551335340}
  m_Father: {fileID: 4493656817574870}
  m_RootOrder: 0
  m_LocalEulerAnglesHint: {x: 0, y: 0, z: 0}
--- !u!1 &1207567081834832
GameObject:
  m_ObjectHideFlags: 0
  m_CorrespondingSourceObject: {fileID: 0}
  m_PrefabInstance: {fileID: 0}
  m_PrefabAsset: {fileID: 0}
  serializedVersion: 6
  m_Component:
  - component: {fileID: 4461571093507754}
  m_Layer: 20
  m_Name: Bone_L_Bleg
  m_TagString: Untagged
  m_Icon: {fileID: 0}
  m_NavMeshLayer: 0
  m_StaticEditorFlags: 0
  m_IsActive: 1
--- !u!4 &4461571093507754
Transform:
  m_ObjectHideFlags: 0
  m_CorrespondingSourceObject: {fileID: 0}
  m_PrefabInstance: {fileID: 0}
  m_PrefabAsset: {fileID: 0}
  m_GameObject: {fileID: 1207567081834832}
  m_LocalRotation: {x: 0.48811117, y: 0.51111734, z: -0.50916344, w: -0.4911815}
  m_LocalPosition: {x: -0.0017014146, y: -0.05352351, z: -0.034369566}
  m_LocalScale: {x: 1, y: 0.99999994, z: 1}
  m_Children: []
  m_Father: {fileID: 4319471643158476}
  m_RootOrder: 0
  m_LocalEulerAnglesHint: {x: 0, y: 0, z: 0}
--- !u!1 &1272395791331160
GameObject:
  m_ObjectHideFlags: 0
  m_CorrespondingSourceObject: {fileID: 0}
  m_PrefabInstance: {fileID: 0}
  m_PrefabAsset: {fileID: 0}
  serializedVersion: 6
  m_Component:
  - component: {fileID: 4864989003615136}
  m_Layer: 20
  m_Name: Cat_01_2
  m_TagString: Untagged
  m_Icon: {fileID: 0}
  m_NavMeshLayer: 0
  m_StaticEditorFlags: 0
  m_IsActive: 1
--- !u!4 &4864989003615136
Transform:
  m_ObjectHideFlags: 0
  m_CorrespondingSourceObject: {fileID: 0}
  m_PrefabInstance: {fileID: 0}
  m_PrefabAsset: {fileID: 0}
  m_GameObject: {fileID: 1272395791331160}
  m_LocalRotation: {x: 0, y: -0, z: -0, w: 1}
  m_LocalPosition: {x: -0, y: 0, z: 0}
  m_LocalScale: {x: 1, y: 1, z: 1}
  m_Children:
  - {fileID: 4600211204087954}
  m_Father: {fileID: 4493656817574870}
  m_RootOrder: 1
  m_LocalEulerAnglesHint: {x: 0, y: 0, z: 0}
--- !u!1 &1281604680058932
GameObject:
  m_ObjectHideFlags: 0
  m_CorrespondingSourceObject: {fileID: 0}
  m_PrefabInstance: {fileID: 0}
  m_PrefabAsset: {fileID: 0}
  serializedVersion: 6
  m_Component:
  - component: {fileID: 4031904491644386}
  - component: {fileID: 33756159051439402}
  - component: {fileID: 23574151030256594}
  m_Layer: 20
  m_Name: Cat_01_01
  m_TagString: Untagged
  m_Icon: {fileID: 0}
  m_NavMeshLayer: 0
  m_StaticEditorFlags: 0
  m_IsActive: 1
--- !u!4 &4031904491644386
Transform:
  m_ObjectHideFlags: 0
  m_CorrespondingSourceObject: {fileID: 0}
  m_PrefabInstance: {fileID: 0}
  m_PrefabAsset: {fileID: 0}
  m_GameObject: {fileID: 1281604680058932}
  m_LocalRotation: {x: -0.52543247, y: 0.014057276, z: 0.022751767, w: 0.8504149}
  m_LocalPosition: {x: 0.010648952, y: -0.03513765, z: -0.113095075}
  m_LocalScale: {x: 0.9281604, y: 0.9281604, z: 0.9281604}
  m_Children: []
  m_Father: {fileID: 4061407751351096}
  m_RootOrder: 0
  m_LocalEulerAnglesHint: {x: 0, y: 0, z: 0}
--- !u!33 &33756159051439402
MeshFilter:
  m_ObjectHideFlags: 0
  m_CorrespondingSourceObject: {fileID: 0}
  m_PrefabInstance: {fileID: 0}
  m_PrefabAsset: {fileID: 0}
  m_GameObject: {fileID: 1281604680058932}
  m_Mesh: {fileID: 4300002, guid: 2bc089fd4e1c7c0428db006fbbca09ba, type: 3}
--- !u!23 &23574151030256594
MeshRenderer:
  m_ObjectHideFlags: 0
  m_CorrespondingSourceObject: {fileID: 0}
  m_PrefabInstance: {fileID: 0}
  m_PrefabAsset: {fileID: 0}
  m_GameObject: {fileID: 1281604680058932}
  m_Enabled: 1
  m_CastShadows: 1
  m_ReceiveShadows: 1
  m_DynamicOccludee: 1
  m_MotionVectors: 1
  m_LightProbeUsage: 1
  m_ReflectionProbeUsage: 1
  m_RenderingLayerMask: 1
  m_RendererPriority: 0
  m_Materials:
  - {fileID: 2100000, guid: 497c6c55b09e3cc41bf4e841ba53015e, type: 2}
  m_StaticBatchInfo:
    firstSubMesh: 0
    subMeshCount: 0
  m_StaticBatchRoot: {fileID: 0}
  m_ProbeAnchor: {fileID: 0}
  m_LightProbeVolumeOverride: {fileID: 0}
  m_ScaleInLightmap: 1
  m_PreserveUVs: 0
  m_IgnoreNormalsForChartDetection: 0
  m_ImportantGI: 0
  m_StitchLightmapSeams: 0
  m_SelectedEditorRenderState: 3
  m_MinimumChartSize: 4
  m_AutoUVMaxDistance: 0.5
  m_AutoUVMaxAngle: 89
  m_LightmapParameters: {fileID: 0}
  m_SortingLayerID: 0
  m_SortingLayer: 0
  m_SortingOrder: 0
--- !u!1 &1491083534015950
GameObject:
  m_ObjectHideFlags: 0
  m_CorrespondingSourceObject: {fileID: 0}
  m_PrefabInstance: {fileID: 0}
  m_PrefabAsset: {fileID: 0}
  serializedVersion: 6
  m_Component:
  - component: {fileID: 4469539124277338}
  - component: {fileID: 111618906873162120}
  - component: {fileID: 114601329281606584}
  - component: {fileID: 114070946528545076}
  m_Layer: 20
  m_Name: Fox
  m_TagString: Untagged
  m_Icon: {fileID: 0}
  m_NavMeshLayer: 0
  m_StaticEditorFlags: 0
  m_IsActive: 1
--- !u!4 &4469539124277338
Transform:
  m_ObjectHideFlags: 0
  m_CorrespondingSourceObject: {fileID: 0}
  m_PrefabInstance: {fileID: 0}
  m_PrefabAsset: {fileID: 0}
  m_GameObject: {fileID: 1491083534015950}
  m_LocalRotation: {x: 0, y: 0, z: 0, w: 1}
  m_LocalPosition: {x: -0, y: 0, z: 0}
  m_LocalScale: {x: 1.2, y: 1.2, z: 1.2}
  m_Children:
  - {fileID: 4493656817574870}
  - {fileID: 8125518358945770752}
  m_Father: {fileID: 0}
  m_RootOrder: 0
  m_LocalEulerAnglesHint: {x: 0, y: 0, z: 0}
--- !u!111 &111618906873162120
Animation:
  m_ObjectHideFlags: 0
  m_CorrespondingSourceObject: {fileID: 0}
  m_PrefabInstance: {fileID: 0}
  m_PrefabAsset: {fileID: 0}
  m_GameObject: {fileID: 1491083534015950}
  m_Enabled: 1
  serializedVersion: 3
  m_Animation: {fileID: 7400000, guid: 617efd92ea128bb4a896338780733a71, type: 3}
  m_Animations:
  - {fileID: 7400000, guid: 617efd92ea128bb4a896338780733a71, type: 3}
  - {fileID: 7400000, guid: a80f2d0e5fcf54d4a85785ae39831ce9, type: 3}
  - {fileID: 7400000, guid: 46dafeb1c4fdb0940bd6ae647dab66b6, type: 3}
  - {fileID: 7400000, guid: c6fcdc1d82efacf4bbaaadf0b3783924, type: 3}
  - {fileID: 7400000, guid: cb0a3edd783e7fa43b31a57bad609f30, type: 3}
  - {fileID: 7400000, guid: 5bcae60f5060df64fb821ec86572b494, type: 3}
  - {fileID: 7400000, guid: d37c372385b72bb43b04c7dbc04409eb, type: 3}
  - {fileID: 7400000, guid: 87049c4d2d0f63f4e9b909603b703069, type: 3}
  - {fileID: 7400000, guid: 47a2e94d9172db041af6560ecd80efc9, type: 3}
  - {fileID: 7400000, guid: f7d95dfbf5f61f1459d7cdd1a9a17ef1, type: 3}
  - {fileID: 7400000, guid: b0a062a8c6f4e4742aaaff1521db9e06, type: 3}
  m_WrapMode: 0
  m_PlayAutomatically: 0
  m_AnimatePhysics: 0
  m_CullingType: 1
--- !u!114 &114601329281606584
MonoBehaviour:
  m_ObjectHideFlags: 0
  m_CorrespondingSourceObject: {fileID: 0}
  m_PrefabInstance: {fileID: 0}
  m_PrefabAsset: {fileID: 0}
  m_GameObject: {fileID: 1491083534015950}
  m_Enabled: 1
  m_EditorHideFlags: 0
  m_Script: {fileID: 11500000, guid: ea5852fc64643954985afab2862b0626, type: 3}
  m_Name: 
  m_EditorClassIdentifier: 
  ani: {fileID: 111618906873162120}
  bodyMesh: {fileID: 137111231749376542}
  faceMesh: {fileID: 23574151030256594}
  faceTextureArray:
  - {fileID: 2800000, guid: 9e54af63f080bb64c8a67f30ffa10b11, type: 3}
  - {fileID: 2800000, guid: a247b684b756c3f4cac8612e1397a6df, type: 3}
  - {fileID: 2800000, guid: 5a74bb7778bd4dc438f3bccb7fec46b7, type: 3}
  - {fileID: 2800000, guid: 91bf3e46c470cbc47ab9e0e064b76670, type: 3}
  - {fileID: 2800000, guid: 9ad5f257e51b707438e0e41dfbf1491c, type: 3}
  - {fileID: 2800000, guid: 632c56125843ed04b9adb554ae6d5847, type: 3}
  - {fileID: 2800000, guid: f7917ea06ee241a4a8d9642f6f860751, type: 3}
  - {fileID: 2800000, guid: c7c916702c54451439e7137c61418760, type: 3}
  - {fileID: 2800000, guid: 0b5fc79ad507f324c9e7b5faae413b19, type: 3}
  bodyTextureArray:
  - {fileID: 2800000, guid: 30cbbab94f1fc8145a26027054c54f65, type: 3}
  - {fileID: 2800000, guid: ece17c4c65c29184fb90f5fc35a61311, type: 3}
  - {fileID: 2800000, guid: 182e18a4892a6c14a9af1d736b22d434, type: 3}
  - {fileID: 2800000, guid: 8686c57abd616234b977102e2155cd6b, type: 3}
  effPrefabArray:
  - {fileID: 1516283935367646, guid: 11b39e06c6a84be4cac374c4284cb8d6, type: 3}
  - {fileID: 1604728341012434, guid: 5238ecaab769ea74d933ae7f107994f5, type: 3}
  - {fileID: 1551861676394254, guid: 053d61ad296aa9c42bd215c18b5575bc, type: 3}
  - {fileID: 1314422735755396, guid: 016e37bc44863a64abd43cfd282ca186, type: 3}
  - {fileID: 1686476309191194, guid: 4616002b57ed10340b1ee9ebad2559f2, type: 3}
  - {fileID: 1588384315933098, guid: d89152accb676bd46bb8c89edc6c10b8, type: 3}
  - {fileID: 1642725698666694, guid: 0064747e1307d5d41b1b36477c259466, type: 3}
  - {fileID: 1642725698666694, guid: a36e967f735e53f44b8e59e5e420458e, type: 3}
  - {fileID: 1314422735755396, guid: e973253fb08b6bd45879b16054eb2d19, type: 3}
--- !u!114 &114070946528545076
MonoBehaviour:
  m_ObjectHideFlags: 0
  m_CorrespondingSourceObject: {fileID: 0}
  m_PrefabInstance: {fileID: 0}
  m_PrefabAsset: {fileID: 0}
  m_GameObject: {fileID: 1491083534015950}
  m_Enabled: 1
  m_EditorHideFlags: 0
  m_Script: {fileID: 11500000, guid: c137b25534ee8934cb827511395adcc6, type: 3}
  m_Name: 
  m_EditorClassIdentifier: 
  pet: {fileID: 114601329281606584}
--- !u!1 &1498219858025570
GameObject:
  m_ObjectHideFlags: 0
  m_CorrespondingSourceObject: {fileID: 0}
  m_PrefabInstance: {fileID: 0}
  m_PrefabAsset: {fileID: 0}
  serializedVersion: 6
  m_Component:
  - component: {fileID: 4672420137315538}
  m_Layer: 20
  m_Name: Bone_L_Fleg
  m_TagString: Untagged
  m_Icon: {fileID: 0}
  m_NavMeshLayer: 0
  m_StaticEditorFlags: 0
  m_IsActive: 1
--- !u!4 &4672420137315538
Transform:
  m_ObjectHideFlags: 0
  m_CorrespondingSourceObject: {fileID: 0}
  m_PrefabInstance: {fileID: 0}
  m_PrefabAsset: {fileID: 0}
  m_GameObject: {fileID: 1498219858025570}
  m_LocalRotation: {x: -0.61127704, y: -0.3778215, z: 0.18932733, w: 0.6691386}
  m_LocalPosition: {x: -0.060458496, y: -0.05076444, z: -0.053969264}
  m_LocalScale: {x: 1.0000001, y: 1.0000001, z: 1}
  m_Children: []
  m_Father: {fileID: 4965126583122614}
  m_RootOrder: 1
  m_LocalEulerAnglesHint: {x: 0, y: 0, z: 0}
--- !u!1 &1524543646008302
GameObject:
  m_ObjectHideFlags: 0
  m_CorrespondingSourceObject: {fileID: 0}
  m_PrefabInstance: {fileID: 0}
  m_PrefabAsset: {fileID: 0}
  serializedVersion: 6
  m_Component:
  - component: {fileID: 4884848770536990}
  m_Layer: 20
  m_Name: Bone_R_Fleg
  m_TagString: Untagged
  m_Icon: {fileID: 0}
  m_NavMeshLayer: 0
  m_StaticEditorFlags: 0
  m_IsActive: 1
--- !u!4 &4884848770536990
Transform:
  m_ObjectHideFlags: 0
  m_CorrespondingSourceObject: {fileID: 0}
  m_PrefabInstance: {fileID: 0}
  m_PrefabAsset: {fileID: 0}
  m_GameObject: {fileID: 1524543646008302}
  m_LocalRotation: {x: 0.3492137, y: -0.6285639, z: 0.6728583, w: -0.17383657}
  m_LocalPosition: {x: -0.06045852, y: -0.05076445, z: 0.054000005}
  m_LocalScale: {x: -1.0000001, y: -1, z: -1}
  m_Children: []
  m_Father: {fileID: 4965126583122614}
  m_RootOrder: 2
  m_LocalEulerAnglesHint: {x: 0, y: 0, z: 0}
--- !u!1 &1558718041751688
GameObject:
  m_ObjectHideFlags: 0
  m_CorrespondingSourceObject: {fileID: 0}
  m_PrefabInstance: {fileID: 0}
  m_PrefabAsset: {fileID: 0}
  serializedVersion: 6
  m_Component:
  - component: {fileID: 4493656817574870}
  m_Layer: 20
  m_Name: Cat_01_base
  m_TagString: Untagged
  m_Icon: {fileID: 0}
  m_NavMeshLayer: 0
  m_StaticEditorFlags: 0
  m_IsActive: 1
--- !u!4 &4493656817574870
Transform:
  m_ObjectHideFlags: 0
  m_CorrespondingSourceObject: {fileID: 0}
  m_PrefabInstance: {fileID: 0}
  m_PrefabAsset: {fileID: 0}
  m_GameObject: {fileID: 1558718041751688}
  m_LocalRotation: {x: 0, y: -0, z: -0, w: 1}
  m_LocalPosition: {x: -0, y: 0, z: 0}
  m_LocalScale: {x: 2, y: 2, z: 2}
  m_Children:
  - {fileID: 4319471643158476}
  - {fileID: 4864989003615136}
  m_Father: {fileID: 4469539124277338}
  m_RootOrder: 0
  m_LocalEulerAnglesHint: {x: 0, y: 0, z: 0}
--- !u!1 &1632986661995758
GameObject:
  m_ObjectHideFlags: 0
  m_CorrespondingSourceObject: {fileID: 0}
  m_PrefabInstance: {fileID: 0}
  m_PrefabAsset: {fileID: 0}
  serializedVersion: 6
  m_Component:
  - component: {fileID: 4813957551335340}
  m_Layer: 20
  m_Name: Bone_Tail
  m_TagString: Untagged
  m_Icon: {fileID: 0}
  m_NavMeshLayer: 0
  m_StaticEditorFlags: 0
  m_IsActive: 1
--- !u!4 &4813957551335340
Transform:
  m_ObjectHideFlags: 0
  m_CorrespondingSourceObject: {fileID: 0}
  m_PrefabInstance: {fileID: 0}
  m_PrefabAsset: {fileID: 0}
  m_GameObject: {fileID: 1632986661995758}
  m_LocalRotation: {x: 0.00000024199198, y: 0.00000007698073, z: -0.7903327, w: 0.612678}
  m_LocalPosition: {x: 0.007486388, y: 0.021315515, z: 0.0000000149011585}
  m_LocalScale: {x: 1, y: 1, z: 1}
  m_Children: []
  m_Father: {fileID: 4319471643158476}
  m_RootOrder: 3
  m_LocalEulerAnglesHint: {x: 0, y: 0, z: 0}
--- !u!1 &1679541641093390
GameObject:
  m_ObjectHideFlags: 0
  m_CorrespondingSourceObject: {fileID: 0}
  m_PrefabInstance: {fileID: 0}
  m_PrefabAsset: {fileID: 0}
  serializedVersion: 6
  m_Component:
  - component: {fileID: 4526605039464232}
  m_Layer: 20
  m_Name: Bone_Head
  m_TagString: Untagged
  m_Icon: {fileID: 0}
  m_NavMeshLayer: 0
  m_StaticEditorFlags: 0
  m_IsActive: 1
--- !u!4 &4526605039464232
Transform:
  m_ObjectHideFlags: 0
  m_CorrespondingSourceObject: {fileID: 0}
  m_PrefabInstance: {fileID: 0}
  m_PrefabAsset: {fileID: 0}
  m_GameObject: {fileID: 1679541641093390}
  m_LocalRotation: {x: -0.00000013087539, y: 0.00000007823296, z: -0.51308554, w: 0.85833746}
  m_LocalPosition: {x: -0.13493216, y: 0.065575704, z: -1.110223e-16}
  m_LocalScale: {x: 0.9999999, y: 1, z: 1}
  m_Children:
  - {fileID: 4061407751351096}
  m_Father: {fileID: 4965126583122614}
  m_RootOrder: 0
  m_LocalEulerAnglesHint: {x: 0, y: 0, z: 0}
--- !u!1 &1723689104071152
GameObject:
  m_ObjectHideFlags: 0
  m_CorrespondingSourceObject: {fileID: 0}
  m_PrefabInstance: {fileID: 0}
  m_PrefabAsset: {fileID: 0}
  serializedVersion: 6
  m_Component:
  - component: {fileID: 4965126583122614}
  m_Layer: 20
  m_Name: Bone_Spine
  m_TagString: Untagged
  m_Icon: {fileID: 0}
  m_NavMeshLayer: 0
  m_StaticEditorFlags: 0
  m_IsActive: 1
--- !u!4 &4965126583122614
Transform:
  m_ObjectHideFlags: 0
  m_CorrespondingSourceObject: {fileID: 0}
  m_PrefabInstance: {fileID: 0}
  m_PrefabAsset: {fileID: 0}
  m_GameObject: {fileID: 1723689104071152}
  m_LocalRotation: {x: -0.008518011, y: 0.030250687, z: 0.27090672, w: 0.96209246}
  m_LocalPosition: {x: -0.07613845, y: 0, z: -0.0000000087859355}
  m_LocalScale: {x: 0.99999994, y: 1, z: 1}
  m_Children:
  - {fileID: 4526605039464232}
  - {fileID: 4672420137315538}
  - {fileID: 4884848770536990}
  m_Father: {fileID: 4319471643158476}
  m_RootOrder: 2
  m_LocalEulerAnglesHint: {x: 0, y: 0, z: 0}
--- !u!1 &1783071890733094
GameObject:
  m_ObjectHideFlags: 0
  m_CorrespondingSourceObject: {fileID: 0}
  m_PrefabInstance: {fileID: 0}
  m_PrefabAsset: {fileID: 0}
  serializedVersion: 6
  m_Component:
  - component: {fileID: 4600211204087954}
  - component: {fileID: 137111231749376542}
  m_Layer: 20
  m_Name: Cat_01_0
  m_TagString: Untagged
  m_Icon: {fileID: 0}
  m_NavMeshLayer: 0
  m_StaticEditorFlags: 0
  m_IsActive: 1
--- !u!4 &4600211204087954
Transform:
  m_ObjectHideFlags: 0
  m_CorrespondingSourceObject: {fileID: 0}
  m_PrefabInstance: {fileID: 0}
  m_PrefabAsset: {fileID: 0}
  m_GameObject: {fileID: 1783071890733094}
  m_LocalRotation: {x: -0.7071068, y: 0, z: -0, w: 0.7071068}
  m_LocalPosition: {x: -0, y: 0, z: 0}
  m_LocalScale: {x: 0.9281604, y: 0.9281604, z: 0.9281604}
  m_Children: []
  m_Father: {fileID: 4864989003615136}
  m_RootOrder: 0
  m_LocalEulerAnglesHint: {x: 0, y: 0, z: 0}
--- !u!137 &137111231749376542
SkinnedMeshRenderer:
  m_ObjectHideFlags: 0
  m_CorrespondingSourceObject: {fileID: 0}
  m_PrefabInstance: {fileID: 0}
  m_PrefabAsset: {fileID: 0}
  m_GameObject: {fileID: 1783071890733094}
  m_Enabled: 1
  m_CastShadows: 1
  m_ReceiveShadows: 1
  m_DynamicOccludee: 1
  m_MotionVectors: 1
  m_LightProbeUsage: 1
  m_ReflectionProbeUsage: 1
  m_RenderingLayerMask: 1
  m_RendererPriority: 0
  m_Materials:
  - {fileID: 2100000, guid: 993480b932365b444a4445dba4fb6e5b, type: 2}
  m_StaticBatchInfo:
    firstSubMesh: 0
    subMeshCount: 0
  m_StaticBatchRoot: {fileID: 0}
  m_ProbeAnchor: {fileID: 0}
  m_LightProbeVolumeOverride: {fileID: 0}
  m_ScaleInLightmap: 1
  m_PreserveUVs: 0
  m_IgnoreNormalsForChartDetection: 0
  m_ImportantGI: 0
  m_StitchLightmapSeams: 0
  m_SelectedEditorRenderState: 3
  m_MinimumChartSize: 4
  m_AutoUVMaxDistance: 0.5
  m_AutoUVMaxAngle: 89
  m_LightmapParameters: {fileID: 0}
  m_SortingLayerID: 0
  m_SortingLayer: 0
  m_SortingOrder: 0
  serializedVersion: 2
  m_Quality: 0
  m_UpdateWhenOffscreen: 0
  m_SkinnedMotionVectors: 1
  m_Mesh: {fileID: 4300000, guid: 2bc089fd4e1c7c0428db006fbbca09ba, type: 3}
  m_Bones:
  - {fileID: 4526605039464232}
  - {fileID: 4319471643158476}
  - {fileID: 4965126583122614}
  - {fileID: 4672420137315538}
  - {fileID: 4461571093507754}
  - {fileID: 4813957551335340}
  - {fileID: 4884848770536990}
  - {fileID: 4944803810505592}
  m_BlendShapeWeights: []
  m_RootBone: {fileID: 4319471643158476}
  m_AABB:
    m_Center: {x: -0.26073045, y: 0.09849234, z: 0.005670771}
    m_Extent: {x: 0.35052115, y: 0.37100226, z: 0.2639792}
  m_DirtyAABB: 0
--- !u!1 &1850098352928670
GameObject:
  m_ObjectHideFlags: 0
  m_CorrespondingSourceObject: {fileID: 0}
  m_PrefabInstance: {fileID: 0}
  m_PrefabAsset: {fileID: 0}
  serializedVersion: 6
  m_Component:
  - component: {fileID: 4061407751351096}
  m_Layer: 20
  m_Name: Cat_01_3
  m_TagString: Untagged
  m_Icon: {fileID: 0}
  m_NavMeshLayer: 0
  m_StaticEditorFlags: 0
  m_IsActive: 1
--- !u!4 &4061407751351096
Transform:
  m_ObjectHideFlags: 0
  m_CorrespondingSourceObject: {fileID: 0}
  m_PrefabInstance: {fileID: 0}
  m_PrefabAsset: {fileID: 0}
  m_GameObject: {fileID: 1850098352928670}
  m_LocalRotation: {x: 0.32597682, y: -0.65172946, z: 0.30020276, w: 0.615521}
  m_LocalPosition: {x: 0.1525114, y: -0.11541834, z: -0.010347423}
  m_LocalScale: {x: 1, y: 1.0000001, z: 1.0000001}
  m_Children:
  - {fileID: 4031904491644386}
  m_Father: {fileID: 4526605039464232}
  m_RootOrder: 0
  m_LocalEulerAnglesHint: {x: 0, y: 0, z: 0}
--- !u!1 &5599494968828214496
GameObject:
  m_ObjectHideFlags: 0
  m_CorrespondingSourceObject: {fileID: 0}
  m_PrefabInstance: {fileID: 0}
  m_PrefabAsset: {fileID: 0}
  serializedVersion: 6
  m_Component:
  - component: {fileID: 8125518358945770752}
  m_Layer: 20
  m_Name: GiftPreviewTransform
  m_TagString: Untagged
  m_Icon: {fileID: 0}
  m_NavMeshLayer: 0
  m_StaticEditorFlags: 0
  m_IsActive: 1
--- !u!4 &8125518358945770752
Transform:
  m_ObjectHideFlags: 0
  m_CorrespondingSourceObject: {fileID: 0}
  m_PrefabInstance: {fileID: 0}
  m_PrefabAsset: {fileID: 0}
  m_GameObject: {fileID: 5599494968828214496}
  m_LocalRotation: {x: 0, y: 0.953717, z: -0, w: -0.30070576}
  m_LocalPosition: {x: -0, y: -0.1, z: 0}
  m_LocalScale: {x: 1.2, y: 1.2, z: 1.2}
  m_Children: []
  m_Father: {fileID: 4469539124277338}
  m_RootOrder: 1
  m_LocalEulerAnglesHint: {x: 0, y: 215, z: 0}
